3550 5492
638 601 856 670 ..76-

177 723 240 842 int?
285 733 370 809 ΘΗΜ
392 742 583 829 Mytilenae?
616 782 695 847 quae
725 777 806 834 certe
828 779 966 856 vestrae,
988 772 1143 855 Quirites,
1168 771 1249 839 belli
1267 772 1324 858 lege

177 837 342 944 curatoria
370 846 470 916 factae
499 868 591 928 suut:
620 870 694 935 urbs
717 878 748 936 et
775 879 944 938 natureae
973 874 1036 938 situ
1061 880 1094 939 et
1120 874 1324 960 descriptione

177 927 365 1043 undenorum
395 956 427 1014 et
453 959 689 1040 pulchritudine
719 974 873 1060 imprimis
897 977 1021 1059 nobilis,
1050 977 1116 1059 agri
1147 976 1325 1043 iucundiet

177 1031 279 1099 mle&
303 1063 420 1135 nempe
443 1062 554 1133 eodem
576 1075 678 1159 capite
701 1077 815 1145 inclusi
836 1082 1041 1148 continentur.
1087 1079 1172 1158 Quid
1195 1080 1324 1147 Alexan-

235 1174 343 1223 cr'elorr'ue
358 1189 409 1231 iure
417 1198 505 1243 saetae.

177 1269 211 1322 llo
233 1274 317 1336 Afric
339 1306 362 1345 o.
382 1296 428 1364 80,
447 1307 475 1357 et

177 1357 181 1369 ,
213 1361 218 1372 ,
493 1307 568 1366 lacus
587 1318 694 1384 piscium
720 1321 802 1389 pleni:
826 1325 872 1377 sed
890 1328 980 1378 neutro
1003 1340 1095 1392 genere
1112 1323 1272 1394 Bithyniam
1287 1328 1324 1380 iro·

177 1374 234 1413 lmls
253 1371 375 1436 nobilem
395 1389 478 1448 luisse

230 1447 235 1458 ,
497 1401 602 1458 scimus.
638 1408 727 1478 ltaque
745 1411 858 1466 dubitari
880 1412 964 1482 possit
981 1429 1042 1465 num
1057 1427 1148 1465 rerum
1170 1413 1206 1466 sit
1230 1420 1324 1482 slopan,

177 1457 191 1493 ⁰
228 1453 478 1545 meliorarentur,
504 1490 626 1553 quoniam
649 1494 795 1564 Bithyniam
818 1501 844 1551 et
865 1499 934 1568 lign'o
957 1499 990 1551 ad
1012 1515 1090 1552 nares
1109 1499 1324 1555 aedificandasst

177 1543 236 1585 ⁰0r0
265 1541 424 1614 abundasse
446 1568 553 1627 scimus.
578 1603 612 1614 -
635 1578 776 1649 Mytilenae
800 1583 893 1636 nobilis
911 1584 987 1636 Lesbi
1005 1584 1080 1648 urbs,
1102 1584 1150 1637 sed
1174 1586 1324 1655 perfidiain

177 1628 280 1718 1111111108
311 1632 441 1712 insignis.
488 1656 560 1722 Quae
588 1678 646 1716 cum
672 1666 739 1734 regis
761 1667 917 1722 Mithridatis
940 1672 1026 1737 partes
1051 1671 1174 1738 amplexa
1196 1674 1325 1738 essetll

177 1703 293 1770 pultium
313 1724 481 1792 valetudinis
505 1760 584 1800 causa
608 1750 676 1818 apud
700 1767 728 1804 se
746 1756 946 1807 commorantem
964 1755 1019 1822 regi
1042 1754 1150 1807 tradidit
1168 1771 1202 1810 ac
1225 1761 1282 1811 mm
1296 1759 1326 1813 in·

177 1806 224 1891 nse
242 1797 304 1869 luit,
324 1815 355 1865 ut
368 1816 399 1873 L.
412 1822 487 1881 Sulla
504 1832 557 1886 iam
575 1836 601 1888 in
619 1837 719 1890 ltaliam
736 1855 838 1893 reverso
856 1840 911 1893 sola
929 1842 1041 1894 omnium
1051 1841 1212 1896 Graecarum
1232 1845 1346 1921 urbinn·

177 1884 284 1942 smeret
309 1913 343 1951 ³⁰
362 1904 470 1968 demum
490 1935 505 1970 a
523 1921 556 1975 Μ.
575 1924 685 1978 Miunrcio
704 1926 813 1978 Thermo
831 1931 1022 1996 expugnaretur
1039 1928 1105 1992 (Lis.
1123 1944 1168 1996 ep.
1186 1929 1325 1986 LXXXIX

177 1968 272 2028 ‘suet‘
292 1979 372 2044 ⁰³0⁸·
393 1996 429 2060 2).
466 2002 529 2060 Eius
548 2010 618 2062 urbis
631 2011 708 2063 situm
720 2012 883 2079 reprehendit
901 2013 1001 2067 Vitrur.
1019 2013 1038 2078 l,
1052 2015 1076 2078 6,
1089 2014 1232 2083 magnifice¹
1247 2020 1326 2070 umen

178 2074 231 2128 11⁰0
250 2063 392 2137 elegauter
411 2089 574 2149 aedificatam
593 2112 649 2150 esse
670 2097 823 2150 concedens:
845 2114 924 2166 quare
942 2100 974 2151 ab
992 2100 1131 2164 Romanis,
1153 2102 1201 2170 qui
1218 2104 1325 2157 amoeni·

177 2151 237 2202 iiim
256 2168 382 2221 Secossus
401 2185 563 2248 quaererent,
582 2183 639 2236 aliis
658 2184 763 2237 urbibus
781 2185 881 2237 solebat
898 2185 1021 2253 praeferri
1029 2185 1093 2250 (Cic.
1113 2187 1192 2255 epist.
1204 2187 1254 2254 IV,
1266 2189 1325 2254 7,4;

177 2237 221 2292 iffi·
239 2248 352 2315 emili,
372 2255 397 2322 7,
418 2262 556 2327 1,,ὃοιιοο.
576 2285 646 2323 cons.
665 2270 699 2322 ad
714 2270 788 2324 Helv.
798 2269 832 2334 9).
862 2271 951 2339 ltaque
969 2274 995 2323 et
1014 2271 1059 2324 Cn.
1077 2272 1237 2340 Pompeium
1256 2290 1325 2343 saepe

177 2329 197 2384 oi
214 2328 296 2385 inisse
316 2340 416 2399 scimus
435 2355 461 2404 et
479 2355 569 2408 eodem
586 2356 724 2409 secessisse
741 2357 773 2410 ΙΙ.
792 2356 936 2424 Agrippam
954 2355 1036 2421 (Suet
1050 2356 1106 2410 011·
1127 2357 1174 2422 66)
1192 2363 1219 2413 ei
1238 2360 1326 2414 00ssssfi·

178 2419 225 2473 isse
244 2419 408 2490 aliquamdiu
427 2434 607 2493 Germanicum
626 2440 696 2504 (Tac.
714 2439 781 2493 Anu.
793 2441 825 2504 ll,
838 2441 890 2504 54).
920 2440 1076 2509 Scripsimus
1095 2444 1184 2495 auum
1201 2443 1266 2497 belli
1280 2444 1326 2513 lege

178 2527 196 2562 *e
213 2507 336 2576 victorio,
354 2531 414 2572 cum
433 2525 527 2578 soleret
544 2527 586 2579 edi
604 2526 664 2580 belli
681 2527 734 2595 leye
752 2526 927 2579 arietariae
945 2526 1017 2590 iure,
1039 2527 1100 2599 quia
1123 2527 1181 2582 cod.
1201 2529 1217 2582 9
1237 2530 1325 2583 omitti

177 2611 231 2658 ure,
250 2599 320 2666 quod
339 2603 417 2661 lacile
436 2613 547 2679 patimur
560 2615 649 2667 abesse
662 2618 800 2683 natumque
811 2613 921 2678 videtur,
939 2613 1007 2682 quod
1025 2629 1082 2667 cum
1099 2615 1233 2683 genitivus
1252 2617 1324 2671 aiem·

177 2685 225 2739 lac
245 2684 355 2744 vitiosus
374 2702 452 2762 esset,
470 2700 534 2753 alter
552 2701 678 2754 ablativus
695 2701 835 2768 putabatur
852 2715 908 2753 esse
926 2699 1068 2753 addendus.

258 2773 301 2827 41.
326 2778 398 2842 Quid
419 2784 585 2840 Alexandria
605 2803 643 2856 sq.
684 2787 714 2840 lu
740 2787 924 2840 obscurissima
950 2786 1098 2840 ultimorum
1123 2788 1325 2844 Ptolemaeorum

177 2862 277 2918 nistoria
295 2879 388 2937 sequor
405 2873 487 2926 virum
501 2874 701 2928 eruditissimum
719 2875 753 2927 ll.
772 2874 947 2938 Letronuium‚
964 2875 1047 2942 quiin
1068 2873 1223 2928 collectione
1241 2876 1325 2929 inscri-

177 2950 287 3009 Jtiouum
305 2954 521 3027 Aegyptiacorum
538 2960 550 3011 Ι
567 2977 593 3027 p.
613 2960 645 3013 to
663 2963 689 3012 et
698 2958 722 3011 ll
732 2975 756 3027 p.
767 2960 800 3014 95
818 2960 959 3013 secundum
978 2962 1094 3012 auctores
1112 2963 1215 3014 veteres
1232 2966 1260 3015 et
1277 2978 1324 3023 mo

177 3019 294 3096 iumenta
315 3059 388 3113 reges
410 3061 501 3114 resque
529 3045 561 3098 ab
583 3047 615 3098 iis
638 3049 723 3114 gestas
747 3045 862 3114 digessit.
903 3048 979 3099 Anno
1001 3040 1081 3114 igitur
1098 3044 1130 3098 81
1150 3063 1173 3098 a
1195 3046 1256 3103 Chr.
1274 3064 1324 3103 cun

177 3126 335 3184 Ptolemaeus
354 3131 466 3184 Soterll
484 3131 645 3195 decessisset,
662 3147 757 3200 paucos
775 3147 876 3200 menses
895 3132 1031 3202 Cleopatra
1053 3133 1107 3185 sine
1124 3132 1262 3201 Berenice,
1278 3135 1325 3189 lilla

177 3217 242 3280 eius,
266 3217 322 3271 sola
344 3219 477 3287 regnarit,
498 3221 552 3270 tum
575 3220 663 3270 coacta
687 3218 719 3270 ab
736 3217 764 3271 L.
784 3218 855 3270 Sulla
878 3219 965 3287 nupsit
982 3217 1130 3273 Alexandro
1149 3219 1183 3286 H,
1210 3222 1325 3292 privigno

177 3318 228 3361 ruo.
264 3303 316 3358 Sed
334 3307 356 3358 is
373 3307 434 3374 post
450 3304 610 3373 undeviginti
628 3304 682 3357 dies
704 3305 818 3372 reginam
841 3306 969 3359 interfecit
994 3314 1069 3374 atque
1090 3307 1148 3375 ipse
1171 3309 1324 3365 continuos

177 3391 270 3463 popnnlo
288 3391 475 3455 Alexandrino,
501 3392 544 3459 qui
568 3389 684 3458 reginam
705 3405 799 3458 magua
821 3393 927 3444 caritate
945 3392 1102 3445 desideraret
1123 3392 1246 3464 illiusque
1269 3410 1323 3449 enm

177 3479 296 3536 Romanis
324 3478 528 3534 coniunctionem
555 3477 725 3545 improbaret,
744 3478 846 3531 occisus
872 3482 921 3533 est.
965 3478 1009 3531 Sic
1034 3479 1133 3531 interiit
1159 3495 1224 3534 vera
1246 3480 1326 3535 Ptole

177 3584 305 3625 maeorum
324 3569 411 3637 stirps,
431 3565 476 3618 sed
493 3567 644 3632 supererant
665 3563 714 3616 duo
734 3564 831 3617 Soteris
849 3564 897 3617 filii
919 3564 1008 3633 spurii,
1031 3579 1138 3632 quorum
1165 3567 1266 3632 maior,
1287 3567 1326 3665 gui

177 3657 280 3714 Auletes
299 3655 507 3725 cognominatur,
524 3667 587 3720 puer
611 3653 668 3710 octo
692 3651 732 3703 vel
755 3649 843 3703 decem
867 3666 1005 3715 annorum,
1032 3666 1138 3718 regnum
1154 3651 1326 3731 Alexandrus

177 3745 299 3809 obtinuit,
327 3745 392 3797 alter
410 3741 523 3810 Cyprum
542 3738 655 3806 accepit,
682 3738 725 3804 qui
751 3753 818 3789 anno
836 3735 870 3790 58
896 3737 1029 3804 rogatione
1053 3736 1143 3790 Clodia
1166 3752 1247 3806 regno
1272 3754 1326 3808 spo

177 3835 252 3888 piatus
276 3850 323 3887 sua
348 3844 425 3883 mann
447 3825 530 3895 periit.
566 3822 617 3875 Sed
640 3822 745 3875 Auletes
767 3822 816 3874 etsi
837 3836 895 3873 eum
922 3820 985 3873 alias
1012 3821 1165 3875 domesticas
1191 3823 1326 3878 seditiones

177 3921 264 3975 habuit
308 3923 362 3972 tum
389 3931 435 3984 per
461 3911 597 3965 triennium
621 3912 696 3973 (111111
718 3908 830 3964 53-55
852 3925 875 3961 θη
900 3906 974 3972 ΟῘῑῐν)
997 3908 1029 3960 ab
1059 3908 1122 3976 i9⁸1⁵
1148 3907 1326 3981 Alemdfiflii

177 3960 277 4076 lugatusi
299 4008 326 4059 in
350 4003 426 4057 exilio
452 4000 509 4064 fuit,
536 3998 653 4068 regnavit
673 3996 857 4058 Alexandriae,
880 3994 940 4046 dum
968 4010 1033 4048 auno
1055 3993 1089 4048 52
1109 3995 1233 4061 decessit,
1256 4011 1326 4050 exce

190 4097 211 4148 it
229 4111 260 4147 ue
278 4109 335 4146 eum
354 4090 491 4157 Cleopatra
513 4086 570 4151 illa,
587 4086 665 4138 tertia
681 4085 736 4136 eius
759 4082 825 4145 filia,
844 4080 962 4134 Caesaris
984 4085 1011 4134 et
1027 4081 1132 4135 Antonii
1151 4083 1248 4148 amica,
1265 4098 1326 4151 quae

177 4111 339 4248 iquugusto
363 4175 429 4228 mori
451 4176 539 4226 coacta
562 4174 609 4224 est.
643 4170 697 4222 Iam
719 4166 762 4218 ille
786 4166 932 4219 Alexander
948 4166 986 4230 ll,
1009 4182 1066 4219 cum
1091 4182 1142 4235 quo
1165 4183 1227 4220 nera
1244 4169 1326 4223 Ptole

177 4283 302 4322 nasorum
332 4264 410 4331 stirps
433 4260 546 4313 extincta
567 4261 621 4321 est,
644 4253 775 4306 dicebatur
802 4255 983 4305 testamentum
1013 4253 1117 4316 fecisse,
1143 4269 1193 4320 quo
1222 4270 1325 4324 regnum

177 4353 284 4424 Aegypti
310 4349 406 4420 populo
425 4348 539 4401 Romano
561 4344 672 4412 legaret,
699 4355 764 4407 quae
790 4340 860 4407 ipsa,
891 4347 919 4391 ut
942 4339 1045 4406 opinor,
1064 4354 1142 4391 causa
1164 4340 1261 4406 iuerat,
1283 4357 1325 4395 cnr

177 4445 198 4495 et
215 4439 285 4493 abL
315 4437 387 4491 Sulla
407 4434 557 4502 Cleopatrae
583 4426 690 4480 maritus
717 4427 897 4495 adiungeretur
923 4427 949 4478 et
976 4425 1007 4477 ab
1031 4425 1126 4493 populo
1150 4424 1325 4481 Alexandrino

177 4478 337 4583 occideretur.
366 4522 455 4591 Itaque
471 4520 520 4572 hac
537 4513 686 4569 testamenti
703 4513 788 4582 specie
807 4528 869 4565 usus
887 4517 928 4566 est
944 4512 974 4564 P.
993 4511 1105 4576 Clodius,
1123 4515 1151 4565 ut
1169 4512 1284 4581 Cyprum
1300 4515 1325 4566 in

191 4582 193 4587 Ι
221 4613 321 4667 duciae
343 4610 452 4664 formam
474 4604 616 4672 redigeret3
637 4601 695 4668 ipsa
711 4600 847 4668 Aegyptus
871 4599 951 4651 dilata
976 4599 1078 4651 interim
1100 4601 1153 4663 est,
1182 4598 1230 4651 sed
1252 4614 1325 4667 saepe

177 4628 261 4759 men
278 4697 310 4753 de
327 4712 359 4752 ea
376 4699 469 4749 actum.
504 4688 616 4743 Primum
635 4685 703 4741 enim
720 4683 750 4739 L.
767 4684 915 4755 Philippum
934 4683 1022 4740 Cicero
1044 4685 1082 4739 ait
1098 4699 1176 4754 saepe
1192 4685 1221 4738 in
1237 4690 1325 4739 senatu
