<?xml version="1.0" encoding="UTF-8"?>
<!DOCTYPE html PUBLIC "-//W3C//DTD XHTML 1.0 Transitional//EN"
    "http://www.w3.org/TR/xhtml1/DTD/xhtml1-transitional.dtd">
<html xmlns="http://www.w3.org/1999/xhtml" xml:lang="en" lang="en">
 <head>
  <title>
</title>
<meta http-equiv="Content-Type" content="text/html;charset=utf-8" />
  <meta name='ocr-system' content='tesseract 3.04.00' />
  <meta name='ocr-capabilities' content='ocr_page ocr_carea ocr_par ocr_line ocrx_word'/>
</head>
<body>
  <div class='ocr_page' id='page_1' title='image "./orationestresde00cicegoog/orationestresde00cicegoog_0105.png"; bbox 0 0 3550 5492; ppageno 0'>
   <div class='ocr_carea' id='block_1_1' title="bbox 772 592 985 656">
    <p class='ocr_par' dir='ltr' id='par_1_1' title="bbox 772 592 985 656">
     <span class='ocr_line' id='line_1_1' title="bbox 772 592 985 656; baseline 0.005 -17"><span class='ocrx_word' id='word_1_1' title='bbox 772 592 985 656; x_wconf 69' lang='lat'>..65-</span> 
     </span>
    </p>
   </div>
   <div class='ocr_carea' id='block_1_2' title="bbox 292 754 1462 946">
    <p class='ocr_par' dir='ltr' id='par_1_2' title="bbox 292 754 1462 946">
     <span class='ocr_line' id='line_1_2' title="bbox 292 754 1462 841; baseline 0.001 -18"><span class='ocrx_word' id='word_1_2' title='bbox 292 756 422 823; x_wconf 89' lang='lat' dir='ltr'>Deinde</span> <span class='ocrx_word' id='word_1_3' title='bbox 444 761 535 821; x_wconf 87' lang='lat' dir='ltr'>ornat</span> <span class='ocrx_word' id='word_1_4' title='bbox 554 755 790 841; x_wconf 78' lang='lat' dir='ltr'><strong>apparitoribus,</strong></span> <span class='ocrx_word' id='word_1_5' title='bbox 813 755 937 837; x_wconf 78' lang='lat' dir='ltr'>scribis,</span> <span class='ocrx_word' id='word_1_6' title='bbox 960 754 1105 837; x_wconf 86' lang='lat' dir='ltr'>librariis,</span> <span class='ocrx_word' id='word_1_7' title='bbox 1129 759 1338 841; x_wconf 77' lang='lat' dir='ltr'>praeconibus,</span> <span class='ocrx_word' id='word_1_8' title='bbox 1362 760 1462 824; x_wconf 89' lang='lat' dir='ltr'>archi·</span> 
     </span>
     <span class='ocr_line' id='line_1_3' title="bbox 292 855 1461 946; baseline 0.002 -21"><span class='ocrx_word' id='word_1_9' title='bbox 292 859 410 925; x_wconf 87' lang='lat' dir='ltr'>tectis:</span> <span class='ocrx_word' id='word_1_10' title='bbox 432 863 591 946; x_wconf 86' lang='lat' dir='ltr'>praeterea</span> <span class='ocrx_word' id='word_1_11' title='bbox 611 855 722 938; x_wconf 85' lang='lat' dir='ltr'>mulis,</span> <span class='ocrx_word' id='word_1_12' title='bbox 745 857 961 938; x_wconf 87' lang='lat' dir='ltr'>tabernaculis,</span> <span class='ocrx_word' id='word_1_13' title='bbox 985 858 1131 940; x_wconf 88' lang='lat' dir='ltr'>servitiis,</span> <span class='ocrx_word' id='word_1_14' title='bbox 1154 860 1353 944; x_wconf 74' lang='lat' dir='ltr'>supellectili:</span> <span class='ocrx_word' id='word_1_15' title='bbox 1376 883 1461 927; x_wconf 92' lang='lat' dir='ltr'>sum-</span> 
     </span>
    </p>
   </div>
   <div class='ocr_carea' id='block_1_3' title="bbox 386 1019 876 1072">
    <p class='ocr_par' dir='ltr' id='par_1_3' title="bbox 386 1019 876 1072">
     <span class='ocr_line' id='line_1_4' title="bbox 386 1019 876 1072; baseline -0.006 -8"><span class='ocrx_word' id='word_1_16' title='bbox 386 1023 420 1064; x_wconf 72' lang='grc'>81.</span> <span class='ocrx_word' id='word_1_17' title='bbox 435 1021 587 1068; x_wconf 74' lang='lat' dir='ltr'>tetenderitis,</span> <span class='ocrx_word' id='word_1_18' title='bbox 603 1019 729 1072; x_wconf 58' lang='lat' dir='ltr'>[ammittit</span> <span class='ocrx_word' id='word_1_19' title='bbox 743 1023 876 1069; x_wconf 73' lang='lat' dir='ltr'>repellerent.</span> 
     </span>
    </p>
   </div>
   <div class='ocr_carea' id='block_1_4' title="bbox 295 1151 1483 4757">
    <p class='ocr_par' dir='ltr' id='par_1_4' title="bbox 295 1151 1483 4757">
     <span class='ocr_line' id='line_1_5' title="bbox 295 1151 1464 1222; baseline 0.005 -16"><span class='ocrx_word' id='word_1_20' title='bbox 295 1170 332 1208; x_wconf 83' lang='lat' dir='ltr'>ex</span> <span class='ocrx_word' id='word_1_21' title='bbox 350 1153 479 1206; x_wconf 79' lang='lat' dir='ltr'>ministris</span> <span class='ocrx_word' id='word_1_22' title='bbox 497 1167 583 1206; x_wconf 91' lang='lat' dir='ltr'>eorum</span> <span class='ocrx_word' id='word_1_23' title='bbox 603 1154 717 1204; x_wconf 88' lang='lat' dir='ltr'>constat:</span> <span class='ocrx_word' id='word_1_24' title='bbox 741 1152 906 1204; x_wconf 80' lang='lat' dir='ltr'>nominantur</span> <span class='ocrx_word' id='word_1_25' title='bbox 925 1151 1185 1221; x_wconf 58' lang='lat' dir='ltr'>apparitoresque</span> <span class='ocrx_word' id='word_1_26' title='bbox 1207 1168 1258 1206; x_wconf 80' lang='lat' dir='ltr'>nox</span> <span class='ocrx_word' id='word_1_27' title='bbox 1275 1157 1402 1222; x_wconf 90' lang='lat' dir='ltr'>generalis</span> <span class='ocrx_word' id='word_1_28' title='bbox 1420 1159 1464 1211; x_wconf 92' lang='lat' dir='ltr'>illa</span> 
     </span>
     <span class='ocr_line' id='line_1_6' title="bbox 296 1235 1464 1309; baseline 0.006 -19"><span class='ocrx_word' id='word_1_29' title='bbox 296 1237 407 1308; x_wconf 88' lang='lat' dir='ltr'>quidem</span> <span class='ocrx_word' id='word_1_30' title='bbox 424 1240 478 1302; x_wconf 86' lang='lat' dir='ltr'>est,</span> <span class='ocrx_word' id='word_1_31' title='bbox 504 1241 532 1289; x_wconf 91' lang='lat' dir='ltr'>ut</span> <span class='ocrx_word' id='word_1_32' title='bbox 550 1251 627 1304; x_wconf 88' lang='lat' dir='ltr'>saepe</span> <span class='ocrx_word' id='word_1_33' title='bbox 650 1236 728 1288; x_wconf 89' lang='lat' dir='ltr'>etiam</span> <span class='ocrx_word' id='word_1_34' title='bbox 752 1235 863 1300; x_wconf 76' lang='lat' dir='ltr'>scribas,</span> <span class='ocrx_word' id='word_1_35' title='bbox 882 1250 1022 1304; x_wconf 81' lang='lat' dir='ltr'>praecones</span> <span class='ocrx_word' id='word_1_36' title='bbox 1046 1252 1184 1304; x_wconf 85' lang='lat' dir='ltr'>omnesque</span> <span class='ocrx_word' id='word_1_37' title='bbox 1207 1238 1251 1307; x_wconf 90' lang='lat' dir='ltr'>qui</span> <span class='ocrx_word' id='word_1_38' title='bbox 1271 1243 1464 1309; x_wconf 88' lang='lat' dir='ltr'>magistratibus</span> 
     </span>
     <span class='ocr_line' id='line_1_7' title="bbox 299 1318 1465 1395; baseline 0.004 -18"><span class='ocrx_word' id='word_1_39' title='bbox 299 1326 441 1394; x_wconf 82' lang='lat' dir='ltr'>apparent,</span> <span class='ocrx_word' id='word_1_40' title='bbox 459 1318 672 1390; x_wconf 81' lang='lat' dir='ltr'>comprehendat,</span> <span class='ocrx_word' id='word_1_41' title='bbox 690 1320 735 1373; x_wconf 91' lang='lat' dir='ltr'>sed</span> <span class='ocrx_word' id='word_1_42' title='bbox 753 1320 801 1373; x_wconf 91' lang='lat' dir='ltr'>hoc</span> <span class='ocrx_word' id='word_1_43' title='bbox 819 1320 876 1373; x_wconf 91' lang='lat' dir='ltr'>loco</span> <span class='ocrx_word' id='word_1_44' title='bbox 895 1336 951 1372; x_wconf 89' lang='lat' dir='ltr'>curn</span> <span class='ocrx_word' id='word_1_45' title='bbox 972 1336 1106 1386; x_wconf 87' lang='lat' dir='ltr'>accensos,</span> <span class='ocrx_word' id='word_1_46' title='bbox 1124 1323 1289 1391; x_wconf 87' lang='lat' dir='ltr'>interpretes,</span> <span class='ocrx_word' id='word_1_47' title='bbox 1307 1325 1465 1395; x_wconf 89' lang='lat' dir='ltr'>haruspices,</span> 
     </span>
     <span class='ocr_line' id='line_1_8' title="bbox 298 1407 1466 1485; baseline 0.001 -20"><span class='ocrx_word' id='word_1_48' title='bbox 298 1415 358 1465; x_wconf 84' lang='lat' dir='ltr'>tum</span> <span class='ocrx_word' id='word_1_49' title='bbox 378 1408 483 1464; x_wconf 80' lang='lat' dir='ltr'>lictores</span> <span class='ocrx_word' id='word_1_50' title='bbox 500 1407 698 1485; x_wconf 49' lang='lat' dir='ltr'>significatqui</span> <span class='ocrx_word' id='word_1_51' title='bbox 716 1412 825 1460; x_wconf 84' lang='lat' dir='ltr'>exeunte</span> <span class='ocrx_word' id='word_1_52' title='bbox 843 1407 891 1459; x_wconf 90' lang='lat' dir='ltr'>bac</span> <span class='ocrx_word' id='word_1_53' title='bbox 909 1408 1020 1472; x_wconf 80' lang='lat' dir='ltr'>§denuo</span> <span class='ocrx_word' id='word_1_54' title='bbox 1038 1414 1277 1474; x_wconf 90' lang='lat' dir='ltr'>commemorantur,</span> <span class='ocrx_word' id='word_1_55' title='bbox 1294 1415 1348 1464; x_wconf 92' lang='lat' dir='ltr'>tum</span> <span class='ocrx_word' id='word_1_56' title='bbox 1366 1412 1466 1467; x_wconf 63' lang='lat' dir='ltr'>imbue</span> 
     </span>
     <span class='ocr_line' id='line_1_9' title="bbox 299 1491 1465 1562; baseline 0 -12"><span class='ocrx_word' id='word_1_57' title='bbox 299 1501 329 1551; x_wconf 82' lang='lat' dir='ltr'>at</span> <span class='ocrx_word' id='word_1_58' title='bbox 347 1495 463 1559; x_wconf 62' lang='lat' dir='ltr'>libradr‘,</span> <span class='ocrx_word' id='word_1_59' title='bbox 480 1495 517 1547; x_wconf 87' lang='lat' dir='ltr'>ita</span> <span class='ocrx_word' id='word_1_60' title='bbox 534 1495 602 1546; x_wconf 90' lang='lat' dir='ltr'>inter</span> <span class='ocrx_word' id='word_1_61' title='bbox 618 1508 646 1545; x_wconf 90' lang='lat' dir='ltr'>se</span> <span class='ocrx_word' id='word_1_62' title='bbox 664 1494 769 1555; x_wconf 78' lang='lat' dir='ltr'>diversi,</span> <span class='ocrx_word' id='word_1_63' title='bbox 788 1496 817 1544; x_wconf 88' lang='lat' dir='ltr'>ut</span> <span class='ocrx_word' id='word_1_64' title='bbox 834 1491 873 1544; x_wconf 93' lang='lat' dir='ltr'>illi</span> <span class='ocrx_word' id='word_1_65' title='bbox 892 1497 918 1544; x_wconf 90' lang='lat' dir='ltr'>et</span> <span class='ocrx_word' id='word_1_66' title='bbox 935 1493 1013 1560; x_wconf 90' lang='lat' dir='ltr'>paulo</span> <span class='ocrx_word' id='word_1_67' title='bbox 1036 1495 1168 1547; x_wconf 86' lang='lat' dir='ltr'>honestius</span> <span class='ocrx_word' id='word_1_68' title='bbox 1193 1511 1286 1548; x_wconf 91' lang='lat' dir='ltr'>munus</span> <span class='ocrx_word' id='word_1_69' title='bbox 1303 1496 1465 1562; x_wconf 89' lang='lat' dir='ltr'>habeantet,</span> 
     </span>
     <span class='ocr_line' id='line_1_10' title="bbox 299 1579 1466 1654; baseline -0.003 -15"><span class='ocrx_word' id='word_1_70' title='bbox 299 1584 374 1654; x_wconf 88' lang='lat' dir='ltr'>quod</span> <span class='ocrx_word' id='word_1_71' title='bbox 393 1597 486 1636; x_wconf 89' lang='lat' dir='ltr'>nomen</span> <span class='ocrx_word' id='word_1_72' title='bbox 503 1582 589 1650; x_wconf 88' lang='lat' dir='ltr'>ipsum</span> <span class='ocrx_word' id='word_1_73' title='bbox 607 1581 710 1644; x_wconf 87' lang='lat' dir='ltr'>indicat,</span> <span class='ocrx_word' id='word_1_74' title='bbox 723 1579 859 1633; x_wconf 88' lang='lat' dir='ltr'>scribendo</span> <span class='ocrx_word' id='word_1_75' title='bbox 877 1581 1003 1648; x_wconf 85' lang='lat' dir='ltr'>imprimis</span> <span class='ocrx_word' id='word_1_76' title='bbox 1022 1596 1125 1649; x_wconf 85' lang='lat' dir='ltr'>operam</span> <span class='ocrx_word' id='word_1_77' title='bbox 1145 1582 1215 1647; x_wconf 86' lang='lat' dir='ltr'>dent,</span> <span class='ocrx_word' id='word_1_78' title='bbox 1232 1583 1348 1635; x_wconf 88' lang='lat' dir='ltr'>bilibris</span> <span class='ocrx_word' id='word_1_79' title='bbox 1365 1598 1466 1638; x_wconf 87' lang='lat' dir='ltr'>conser-</span> 
     </span>
     <span class='ocr_line' id='line_1_11' title="bbox 300 1668 1467 1738; baseline 0.001 -15"><span class='ocrx_word' id='word_1_80' title='bbox 300 1669 398 1723; x_wconf 81' lang='lat' dir='ltr'>vandis</span> <span class='ocrx_word' id='word_1_81' title='bbox 416 1684 446 1722; x_wconf 90' lang='lat' dir='ltr'>ac</span> <span class='ocrx_word' id='word_1_82' title='bbox 464 1669 619 1738; x_wconf 85' lang='lat' dir='ltr'>digerendis,</span> <span class='ocrx_word' id='word_1_83' title='bbox 636 1674 690 1722; x_wconf 91' lang='lat' dir='ltr'>tum</span> <span class='ocrx_word' id='word_1_84' title='bbox 705 1684 857 1738; x_wconf 79' lang='lat' dir='ltr'>praecones,</span> <span class='ocrx_word' id='word_1_85' title='bbox 875 1669 968 1737; x_wconf 90' lang='lat' dir='ltr'>quibus</span> <span class='ocrx_word' id='word_1_86' title='bbox 987 1668 1020 1720; x_wconf 88' lang='lat' dir='ltr'>ad</span> <span class='ocrx_word' id='word_1_87' title='bbox 1039 1671 1169 1723; x_wconf 83' lang='lat' dir='ltr'>auctiones</span> <span class='ocrx_word' id='word_1_88' title='bbox 1187 1670 1318 1724; x_wconf 85' lang='lat' dir='ltr'>iaciendas</span> <span class='ocrx_word' id='word_1_89' title='bbox 1337 1686 1401 1738; x_wconf 90' lang='lat' dir='ltr'>opus</span> <span class='ocrx_word' id='word_1_90' title='bbox 1419 1676 1467 1736; x_wconf 86' lang='lat' dir='ltr'>est,</span> 
     </span>
     <span class='ocr_line' id='line_1_12' title="bbox 306 1753 1468 1825; baseline 0.003 -18"><span class='ocrx_word' id='word_1_91' title='bbox 306 1755 421 1824; x_wconf 84' lang='lat' dir='ltr'>denique</span> <span class='ocrx_word' id='word_1_92' title='bbox 439 1754 583 1817; x_wconf 78' lang='lat' dir='ltr'>architecti,</span> <span class='ocrx_word' id='word_1_93' title='bbox 600 1755 617 1808; x_wconf 89' lang='lat' dir='ltr'>i.</span> <span class='ocrx_word' id='word_1_94' title='bbox 627 1771 649 1807; x_wconf 89' lang='lat' dir='ltr'>e.</span> <span class='ocrx_word' id='word_1_95' title='bbox 669 1771 719 1807; x_wconf 90' lang='lat' dir='ltr'>non</span> <span class='ocrx_word' id='word_1_96' title='bbox 737 1753 821 1817; x_wconf 87' lang='lat' dir='ltr'>modo,</span> <span class='ocrx_word' id='word_1_97' title='bbox 839 1754 882 1821; x_wconf 92' lang='lat' dir='ltr'>qui</span> <span class='ocrx_word' id='word_1_98' title='bbox 902 1753 1073 1806; x_wconf 86' lang='lat' dir='ltr'>aedificiorum</span> <span class='ocrx_word' id='word_1_99' title='bbox 1085 1755 1283 1809; x_wconf 84' lang='lat' dir='ltr'>extruendorum</span> <span class='ocrx_word' id='word_1_100' title='bbox 1300 1758 1376 1825; x_wconf 91' lang='lat' dir='ltr'>periti</span> <span class='ocrx_word' id='word_1_101' title='bbox 1394 1762 1468 1810; x_wconf 90' lang='lat' dir='ltr'>erant</span> 
     </span>
     <span class='ocr_line' id='line_1_13' title="bbox 307 1839 1468 1914; baseline 0.003 -20"><span class='ocrx_word' id='word_1_102' title='bbox 307 1843 382 1906; x_wconf 87' lang='lat' dir='ltr'>(uam</span> <span class='ocrx_word' id='word_1_103' title='bbox 401 1840 450 1894; x_wconf 86' lang='lat' dir='ltr'>hoc</span> <span class='ocrx_word' id='word_1_104' title='bbox 468 1855 568 1910; x_wconf 90' lang='lat' dir='ltr'>quoqne</span> <span class='ocrx_word' id='word_1_105' title='bbox 586 1841 613 1892; x_wconf 91' lang='lat' dir='ltr'>in</span> <span class='ocrx_word' id='word_1_106' title='bbox 631 1841 705 1893; x_wconf 87' lang='lat' dir='ltr'>novis</span> <span class='ocrx_word' id='word_1_107' title='bbox 723 1839 830 1893; x_wconf 89' lang='lat' dir='ltr'>coloniis</span> <span class='ocrx_word' id='word_1_108' title='bbox 848 1839 989 1891; x_wconf 80' lang='lat' dir='ltr'>condendis</span> <span class='ocrx_word' id='word_1_109' title='bbox 1008 1855 1073 1908; x_wconf 91' lang='lat' dir='ltr'>opus</span> <span class='ocrx_word' id='word_1_110' title='bbox 1091 1843 1169 1905; x_wconf 87' lang='lat' dir='ltr'>erat),</span> <span class='ocrx_word' id='word_1_111' title='bbox 1192 1841 1332 1894; x_wconf 87' lang='lat' dir='ltr'>sedetiam</span> <span class='ocrx_word' id='word_1_112' title='bbox 1351 1845 1394 1912; x_wconf 92' lang='lat' dir='ltr'>qui</span> <span class='ocrx_word' id='word_1_113' title='bbox 1412 1845 1468 1914; x_wconf 90' lang='lat' dir='ltr'>agri</span> 
     </span>
     <span class='ocr_line' id='line_1_14' title="bbox 305 1926 1468 1997; baseline 0.001 -16"><span class='ocrx_word' id='word_1_114' title='bbox 305 1926 441 1994; x_wconf 86' lang='lat' dir='ltr'>metiendi,</span> <span class='ocrx_word' id='word_1_115' title='bbox 459 1929 503 1997; x_wconf 87' lang='lat' dir='ltr'>qui</span> <span class='ocrx_word' id='word_1_116' title='bbox 520 1929 623 1996; x_wconf 89' lang='lat' dir='ltr'>proprie</span> <span class='ocrx_word' id='word_1_117' title='bbox 640 1928 696 1997; x_wconf 81' lang='lat' dir='ltr'>agri</span> <span class='ocrx_word' id='word_1_118' title='bbox 714 1943 845 1980; x_wconf 91' lang='lat' dir='ltr'>mensores</span> <span class='ocrx_word' id='word_1_119' title='bbox 864 1926 1033 1995; x_wconf 81' lang='lat' dir='ltr'>appellantur.</span> <span class='ocrx_word' id='word_1_120' title='bbox 1073 1929 1169 1982; x_wconf 91' lang='lat' dir='ltr'>Horum</span> <span class='ocrx_word' id='word_1_121' title='bbox 1188 1930 1300 1982; x_wconf 90' lang='lat' dir='ltr'>omnium</span> <span class='ocrx_word' id='word_1_122' title='bbox 1317 1928 1382 1982; x_wconf 91' lang='lat' dir='ltr'>illud</span> <span class='ocrx_word' id='word_1_123' title='bbox 1400 1944 1468 1982; x_wconf 90' lang='lat' dir='ltr'>com·</span> 
     </span>
     <span class='ocr_line' id='line_1_15' title="bbox 303 2013 1468 2084; baseline 0 -15"><span class='ocrx_word' id='word_1_124' title='bbox 303 2030 384 2069; x_wconf 89' lang='lat' dir='ltr'>mune</span> <span class='ocrx_word' id='word_1_125' title='bbox 403 2018 451 2077; x_wconf 89' lang='lat' dir='ltr'>est,</span> <span class='ocrx_word' id='word_1_126' title='bbox 469 2014 538 2083; x_wconf 89' lang='lat' dir='ltr'>quod</span> <span class='ocrx_word' id='word_1_127' title='bbox 550 2015 620 2066; x_wconf 88' lang='lat' dir='ltr'>cives</span> <span class='ocrx_word' id='word_1_128' title='bbox 631 2014 741 2066; x_wconf 86' lang='lat' dir='ltr'>Romani</span> <span class='ocrx_word' id='word_1_129' title='bbox 759 2020 826 2077; x_wconf 88' lang='lat' dir='ltr'>sunt,</span> <span class='ocrx_word' id='word_1_130' title='bbox 844 2014 891 2066; x_wconf 88' lang='lat' dir='ltr'>sed</span> <span class='ocrx_word' id='word_1_131' title='bbox 909 2013 983 2066; x_wconf 89' lang='lat' dir='ltr'>multi</span> <span class='ocrx_word' id='word_1_132' title='bbox 1002 2018 1086 2067; x_wconf 90' lang='lat' dir='ltr'>tamen</span> <span class='ocrx_word' id='word_1_133' title='bbox 1105 2016 1227 2080; x_wconf 89' lang='lat' dir='ltr'>libertini,</span> <span class='ocrx_word' id='word_1_134' title='bbox 1245 2020 1274 2068; x_wconf 90' lang='lat' dir='ltr'>ut</span> <span class='ocrx_word' id='word_1_135' title='bbox 1291 2017 1391 2084; x_wconf 92' lang='lat' dir='ltr'>opinor.</span> <span class='ocrx_word' id='word_1_136' title='bbox 1419 2016 1468 2080; x_wconf 81' lang='lat' dir='ltr'>Qui</span> 
     </span>
     <span class='ocr_line' id='line_1_16' title="bbox 302 2098 1468 2170; baseline 0.002 -17"><span class='ocrx_word' id='word_1_137' title='bbox 302 2115 366 2153; x_wconf 84' lang='lat' dir='ltr'>eum</span> <span class='ocrx_word' id='word_1_138' title='bbox 388 2099 447 2168; x_wconf 88' lang='lat' dir='ltr'>lege</span> <span class='ocrx_word' id='word_1_139' title='bbox 470 2099 564 2152; x_wconf 86' lang='lat' dir='ltr'>dantur</span> <span class='ocrx_word' id='word_1_140' title='bbox 585 2098 689 2163; x_wconf 84' lang='lat' dir='ltr'>Xriris‚</span> <span class='ocrx_word' id='word_1_141' title='bbox 717 2114 837 2151; x_wconf 91' lang='lat' dir='ltr'>numerus</span> <span class='ocrx_word' id='word_1_142' title='bbox 863 2104 926 2167; x_wconf 91' lang='lat' dir='ltr'>quot</span> <span class='ocrx_word' id='word_1_143' title='bbox 947 2116 979 2152; x_wconf 88' lang='lat' dir='ltr'>err</span> <span class='ocrx_word' id='word_1_144' title='bbox 1003 2116 1104 2169; x_wconf 91' lang='lat' dir='ltr'>quoque</span> <span class='ocrx_word' id='word_1_145' title='bbox 1125 2117 1218 2170; x_wconf 85' lang='lat' dir='ltr'>genere</span> <span class='ocrx_word' id='word_1_146' title='bbox 1240 2102 1351 2155; x_wconf 87' lang='lat' dir='ltr'>Xvirum</span> <span class='ocrx_word' id='word_1_147' title='bbox 1375 2103 1468 2155; x_wconf 84' lang='lat' dir='ltr'>habere</span> 
     </span>
     <span class='ocr_line' id='line_1_17' title="bbox 304 2182 1469 2255; baseline 0 -15"><span class='ocrx_word' id='word_1_148' title='bbox 304 2188 441 2255; x_wconf 88' lang='lat' dir='ltr'>oporteat,</span> <span class='ocrx_word' id='word_1_149' title='bbox 458 2182 589 2236; x_wconf 85' lang='lat' dir='ltr'>definitur:</span> <span class='ocrx_word' id='word_1_150' title='bbox 611 2183 711 2250; x_wconf 86' lang='lat' dir='ltr'>eligunt</span> <span class='ocrx_word' id='word_1_151' title='bbox 727 2182 829 2251; x_wconf 88' lang='lat' dir='ltr'>quidem</span> <span class='ocrx_word' id='word_1_152' title='bbox 847 2184 899 2251; x_wconf 92' lang='lat' dir='ltr'>ipsi</span> <span class='ocrx_word' id='word_1_153' title='bbox 917 2183 992 2236; x_wconf 80' lang='lat' dir='ltr'>Xuiri</span> <span class='ocrx_word' id='word_1_154' title='bbox 1016 2185 1204 2254; x_wconf 86' lang='lat' dir='ltr'>electorumque</span> <span class='ocrx_word' id='word_1_155' title='bbox 1228 2189 1331 2240; x_wconf 90' lang='lat' dir='ltr'>uomina</span> <span class='ocrx_word' id='word_1_156' title='bbox 1348 2187 1381 2239; x_wconf 89' lang='lat' dir='ltr'>ad</span> <span class='ocrx_word' id='word_1_157' title='bbox 1399 2202 1469 2240; x_wconf 87' lang='lat' dir='ltr'>aera·</span> 
     </span>
     <span class='ocr_line' id='line_1_18' title="bbox 304 2267 1469 2347; baseline 0.003 -23"><span class='ocrx_word' id='word_1_158' title='bbox 304 2272 375 2324; x_wconf 87' lang='lat' dir='ltr'>rium</span> <span class='ocrx_word' id='word_1_159' title='bbox 393 2268 524 2333; x_wconf 83' lang='lat' dir='ltr'>deterunt,</span> <span class='ocrx_word' id='word_1_160' title='bbox 548 2283 581 2320; x_wconf 84' lang='lat' dir='ltr'>ex</span> <span class='ocrx_word' id='word_1_161' title='bbox 604 2282 654 2336; x_wconf 93' lang='lat' dir='ltr'>quo</span> <span class='ocrx_word' id='word_1_162' title='bbox 672 2268 704 2319; x_wconf 91' lang='lat' dir='ltr'>iis</span> <span class='ocrx_word' id='word_1_163' title='bbox 721 2267 846 2320; x_wconf 87' lang='lat' dir='ltr'>mercedis</span> <span class='ocrx_word' id='word_1_164' title='bbox 864 2271 891 2319; x_wconf 88' lang='lat' dir='ltr'>et</span> <span class='ocrx_word' id='word_1_165' title='bbox 914 2269 1069 2322; x_wconf 84' lang='lat' dir='ltr'>cibariorum</span> <span class='ocrx_word' id='word_1_166' title='bbox 1092 2277 1223 2347; x_wconf 30' lang='lat' dir='ltr'>quantum·</span> <span class='ocrx_word' id='word_1_167' title='bbox 1237 2271 1331 2339; x_wconf 91' lang='lat' dir='ltr'>quique</span> <span class='ocrx_word' id='word_1_168' title='bbox 1355 2275 1469 2342; x_wconf 86' lang='lat' dir='ltr'>accipere</span> 
     </span>
     <span class='ocr_line' id='line_1_19' title="bbox 305 2353 1470 2427; baseline 0.002 -15"><span class='ocrx_word' id='word_1_169' title='bbox 305 2357 404 2418; x_wconf 80' lang='lat' dir='ltr'>uolent,</span> <span class='ocrx_word' id='word_1_170' title='bbox 422 2354 578 2409; x_wconf 82' lang='lat' dir='ltr'>attribuitur.</span> <span class='ocrx_word' id='word_1_171' title='bbox 614 2355 738 2418; x_wconf 80' lang='lat' dir='ltr'>(Frontin.</span> <span class='ocrx_word' id='word_1_172' title='bbox 757 2353 788 2406; x_wconf 91' lang='lat' dir='ltr'>de</span> <span class='ocrx_word' id='word_1_173' title='bbox 808 2354 913 2423; x_wconf 89' lang='lat' dir='ltr'>aquaed.</span> <span class='ocrx_word' id='word_1_174' title='bbox 935 2356 1002 2419; x_wconf 90' lang='lat'>100).</span> <span class='ocrx_word' id='word_1_175' title='bbox 1035 2356 1151 2410; x_wconf 86' lang='lat' dir='ltr'>Alterum</span> <span class='ocrx_word' id='word_1_176' title='bbox 1169 2374 1250 2427; x_wconf 89' lang='lat' dir='ltr'>genus</span> <span class='ocrx_word' id='word_1_177' title='bbox 1268 2363 1309 2412; x_wconf 89' lang='lat' dir='ltr'>est</span> <span class='ocrx_word' id='word_1_178' title='bbox 1325 2373 1413 2423; x_wconf 86' lang='lat' dir='ltr'>earum</span> <span class='ocrx_word' id='word_1_179' title='bbox 1430 2377 1470 2413; x_wconf 91' lang='lat' dir='ltr'>re-</span> 
     </span>
     <span class='ocr_line' id='line_1_20' title="bbox 305 2441 1470 2513; baseline 0.002 -16"><span class='ocrx_word' id='word_1_180' title='bbox 305 2458 374 2506; x_wconf 86' lang='lat' dir='ltr'>rum,</span> <span class='ocrx_word' id='word_1_181' title='bbox 392 2458 459 2511; x_wconf 87' lang='lat' dir='ltr'>quae</span> <span class='ocrx_word' id='word_1_182' title='bbox 476 2441 567 2495; x_wconf 83' lang='lat' dir='ltr'>Xriris</span> <span class='ocrx_word' id='word_1_183' title='bbox 585 2441 617 2493; x_wconf 91' lang='lat' dir='ltr'>ad</span> <span class='ocrx_word' id='word_1_184' title='bbox 635 2441 728 2493; x_wconf 89' lang='lat' dir='ltr'>itinera</span> <span class='ocrx_word' id='word_1_185' title='bbox 749 2441 865 2494; x_wconf 84' lang='lat' dir='ltr'>facienda</span> <span class='ocrx_word' id='word_1_186' title='bbox 884 2445 910 2493; x_wconf 90' lang='lat' dir='ltr'>et</span> <span class='ocrx_word' id='word_1_187' title='bbox 933 2442 967 2494; x_wconf 88' lang='lat' dir='ltr'>ad</span> <span class='ocrx_word' id='word_1_188' title='bbox 988 2442 1092 2496; x_wconf 92' lang='lat' dir='ltr'>domum</span> <span class='ocrx_word' id='word_1_189' title='bbox 1114 2444 1290 2496; x_wconf 89' lang='lat' dir='ltr'>instruendam</span> <span class='ocrx_word' id='word_1_190' title='bbox 1313 2460 1378 2513; x_wconf 91' lang='lat' dir='ltr'>opus</span> <span class='ocrx_word' id='word_1_191' title='bbox 1401 2450 1470 2507; x_wconf 85' lang='lat' dir='ltr'>suut.</span> 
     </span>
     <span class='ocr_line' id='line_1_21' title="bbox 308 2526 1471 2598; baseline 0 -15"><span class='ocrx_word' id='word_1_192' title='bbox 308 2528 384 2593; x_wconf 82' lang='lat' dir='ltr'>Quae</span> <span class='ocrx_word' id='word_1_193' title='bbox 402 2542 460 2581; x_wconf 89' lang='lat' dir='ltr'>cum</span> <span class='ocrx_word' id='word_1_194' title='bbox 481 2529 509 2580; x_wconf 92' lang='lat' dir='ltr'>in</span> <span class='ocrx_word' id='word_1_195' title='bbox 527 2527 584 2594; x_wconf 89' lang='lat' dir='ltr'>lege</span> <span class='ocrx_word' id='word_1_196' title='bbox 602 2531 719 2580; x_wconf 87' lang='lat' dir='ltr'>accurate</span> <span class='ocrx_word' id='word_1_197' title='bbox 742 2526 862 2579; x_wconf 89' lang='lat' dir='ltr'>definitae</span> <span class='ocrx_word' id='word_1_198' title='bbox 879 2531 978 2591; x_wconf 89' lang='lat' dir='ltr'>esseut,</span> <span class='ocrx_word' id='word_1_199' title='bbox 996 2529 1033 2580; x_wconf 89' lang='lat' dir='ltr'>ita</span> <span class='ocrx_word' id='word_1_200' title='bbox 1051 2529 1192 2594; x_wconf 88' lang='lat' dir='ltr'>dabantur,</span> <span class='ocrx_word' id='word_1_201' title='bbox 1210 2536 1239 2582; x_wconf 89' lang='lat' dir='ltr'>ut</span> <span class='ocrx_word' id='word_1_202' title='bbox 1259 2547 1275 2582; x_wconf 89' lang='lat' dir='ltr'>a</span> <span class='ocrx_word' id='word_1_203' title='bbox 1292 2532 1471 2598; x_wconf 89' lang='lat' dir='ltr'>quaestoribus</span> 
     </span>
     <span class='ocr_line' id='line_1_22' title="bbox 309 2602 1472 2682; baseline 0.002 -15"><span class='ocrx_word' id='word_1_204' title='bbox 309 2615 406 2667; x_wconf 88' lang='lat' dir='ltr'>aerarii</span> <span class='ocrx_word' id='word_1_205' title='bbox 428 2613 575 2668; x_wconf 88' lang='lat' dir='ltr'>locarentur</span> <span class='ocrx_word' id='word_1_206' title='bbox 598 2613 761 2682; x_wconf 90' lang='lat' dir='ltr'>mancipique</span> <span class='ocrx_word' id='word_1_207' title='bbox 785 2617 968 2668; x_wconf 88' lang='lat' dir='ltr'>numeraretur.</span> <span class='ocrx_word' id='word_1_208' title='bbox 1009 2602 1083 2667; x_wconf 73' lang='lat' dir='ltr'>Certe</span> <span class='ocrx_word' id='word_1_209' title='bbox 1097 2617 1178 2668; x_wconf 75' lang='lat' dir='ltr'>areales</span> <span class='ocrx_word' id='word_1_210' title='bbox 1200 2620 1227 2668; x_wconf 89' lang='lat' dir='ltr'>et</span> <span class='ocrx_word' id='word_1_211' title='bbox 1251 2616 1417 2669; x_wconf 81' lang='lat' dir='ltr'>tabernacula</span> <span class='ocrx_word' id='word_1_212' title='bbox 1434 2619 1472 2670; x_wconf 89' lang='lat' dir='ltr'>ita</span> 
     </span>
     <span class='ocr_line' id='line_1_23' title="bbox 308 2699 1472 2770; baseline 0.002 -17"><span class='ocrx_word' id='word_1_213' title='bbox 308 2701 373 2753; x_wconf 85' lang='lat' dir='ltr'>olim</span> <span class='ocrx_word' id='word_1_214' title='bbox 391 2701 509 2770; x_wconf 84' lang='lat' dir='ltr'>praeberi</span> <span class='ocrx_word' id='word_1_215' title='bbox 526 2715 665 2752; x_wconf 89' lang='lat' dir='ltr'>consuesse</span> <span class='ocrx_word' id='word_1_216' title='bbox 683 2703 771 2752; x_wconf 88' lang='lat' dir='ltr'>narrat</span> <span class='ocrx_word' id='word_1_217' title='bbox 781 2699 851 2752; x_wconf 77' lang='lat' dir='ltr'>Suet</span> <span class='ocrx_word' id='word_1_218' title='bbox 864 2699 933 2766; x_wconf 85' lang='lat' dir='ltr'>Aug.</span> <span class='ocrx_word' id='word_1_219' title='bbox 946 2699 988 2752; x_wconf 84' lang='lat'>36.</span> <span class='ocrx_word' id='word_1_220' title='bbox 1024 2701 1077 2752; x_wconf 87' lang='lat' dir='ltr'>Sed</span> <span class='ocrx_word' id='word_1_221' title='bbox 1094 2703 1162 2768; x_wconf 89' lang='lat' dir='ltr'>quod</span> <span class='ocrx_word' id='word_1_222' title='bbox 1181 2703 1256 2754; x_wconf 90' lang='lat' dir='ltr'>tertio</span> <span class='ocrx_word' id='word_1_223' title='bbox 1273 2702 1330 2755; x_wconf 91' lang='lat' dir='ltr'>loco</span> <span class='ocrx_word' id='word_1_224' title='bbox 1347 2705 1375 2755; x_wconf 88' lang='lat' dir='ltr'>in</span> <span class='ocrx_word' id='word_1_225' title='bbox 1392 2705 1472 2755; x_wconf 91' lang='lat' dir='ltr'>omni-</span> 
     </span>
     <span class='ocr_line' id='line_1_24' title="bbox 307 2785 1473 2855; baseline -0.001 -14"><span class='ocrx_word' id='word_1_226' title='bbox 307 2787 359 2841; x_wconf 83' lang='lat' dir='ltr'>bus</span> <span class='ocrx_word' id='word_1_227' title='bbox 377 2786 510 2841; x_wconf 81' lang='lat' dir='ltr'>codicibus</span> <span class='ocrx_word' id='word_1_228' title='bbox 527 2790 567 2839; x_wconf 88' lang='lat' dir='ltr'>est</span> <span class='ocrx_word' id='word_1_229' title='bbox 585 2787 717 2849; x_wconf 85' lang='lat' dir='ltr'>centuriis,</span> <span class='ocrx_word' id='word_1_230' title='bbox 735 2787 840 2839; x_wconf 84' lang='lat' dir='ltr'>fuerunt</span> <span class='ocrx_word' id='word_1_231' title='bbox 857 2785 895 2837; x_wconf 93' lang='lat' dir='ltr'>illi</span> <span class='ocrx_word' id='word_1_232' title='bbox 918 2786 1037 2853; x_wconf 89' lang='lat' dir='ltr'>quidem,</span> <span class='ocrx_word' id='word_1_233' title='bbox 1060 2788 1104 2855; x_wconf 91' lang='lat' dir='ltr'>qui</span> <span class='ocrx_word' id='word_1_234' title='bbox 1122 2787 1153 2839; x_wconf 93' lang='lat' dir='ltr'>de</span> <span class='ocrx_word' id='word_1_235' title='bbox 1171 2789 1293 2840; x_wconf 87' lang='lat' dir='ltr'>centuriis</span> <span class='ocrx_word' id='word_1_236' title='bbox 1315 2789 1416 2841; x_wconf 85' lang='lat' dir='ltr'>labrum</span> <span class='ocrx_word' id='word_1_237' title='bbox 1433 2790 1473 2840; x_wconf 92' lang='lat' dir='ltr'>in-</span> 
     </span>
     <span class='ocr_line' id='line_1_25' title="bbox 307 2872 1471 2942; baseline -0.001 -15"><span class='ocrx_word' id='word_1_238' title='bbox 307 2872 536 2941; x_wconf 60' lang='lat' dir='ltr'>belligeraeque</span> <span class='ocrx_word' id='word_1_239' title='bbox 558 2873 675 2942; x_wconf 86' lang='lat' dir='ltr'>plerique</span> <span class='ocrx_word' id='word_1_240' title='bbox 693 2890 740 2926; x_wconf 92' lang='lat' dir='ltr'>nec</span> <span class='ocrx_word' id='word_1_241' title='bbox 759 2874 846 2925; x_wconf 87' lang='lat' dir='ltr'>fabros</span> <span class='ocrx_word' id='word_1_242' title='bbox 864 2873 955 2925; x_wconf 79' lang='lat' dir='ltr'>Xuiris</span> <span class='ocrx_word' id='word_1_243' title='bbox 979 2873 1053 2925; x_wconf 89' lang='lat' dir='ltr'>datos</span> <span class='ocrx_word' id='word_1_244' title='bbox 1077 2888 1135 2926; x_wconf 91' lang='lat' dir='ltr'>esse</span> <span class='ocrx_word' id='word_1_245' title='bbox 1159 2889 1205 2925; x_wconf 90' lang='lat' dir='ltr'>nec</span> <span class='ocrx_word' id='word_1_246' title='bbox 1223 2873 1393 2936; x_wconf 80' lang='lat' dir='ltr'>siderentur,</span> <span class='ocrx_word' id='word_1_247' title='bbox 1411 2874 1436 2925; x_wconf 94' lang='lat' dir='ltr'>h.</span> <span class='ocrx_word' id='word_1_248' title='bbox 1455 2873 1471 2926; x_wconf 90' lang='lat' dir='ltr'>l.</span> 
     </span>
     <span class='ocr_line' id='line_1_26' title="bbox 308 2958 1474 3028; baseline -0.003 -15"><span class='ocrx_word' id='word_1_249' title='bbox 308 2961 379 3013; x_wconf 86' lang='lat' dir='ltr'>inter</span> <span class='ocrx_word' id='word_1_250' title='bbox 396 2959 583 3028; x_wconf 82' lang='lat' dir='ltr'>supellectilem</span> <span class='ocrx_word' id='word_1_251' title='bbox 601 2960 795 3013; x_wconf 88' lang='lat' dir='ltr'>commemorari</span> <span class='ocrx_word' id='word_1_252' title='bbox 818 2959 937 3012; x_wconf 82' lang='lat' dir='ltr'>debrnsse</span> <span class='ocrx_word' id='word_1_253' title='bbox 961 2959 1088 3013; x_wconf 84' lang='lat' dir='ltr'>viderunt.</span> <span class='ocrx_word' id='word_1_254' title='bbox 1123 2959 1208 3023; x_wconf 81' lang='lat' dir='ltr'>Quare</span> <span class='ocrx_word' id='word_1_255' title='bbox 1225 2958 1270 3012; x_wconf 90' lang='lat' dir='ltr'>alii</span> <span class='ocrx_word' id='word_1_256' title='bbox 1292 2958 1343 3011; x_wconf 91' lang='lat' dir='ltr'>alia</span> <span class='ocrx_word' id='word_1_257' title='bbox 1360 2960 1474 3011; x_wconf 89' lang='lat' dir='ltr'>coniece-</span> 
     </span>
     <span class='ocr_line' id='line_1_27' title="bbox 308 3045 1475 3116; baseline -0.003 -17"><span class='ocrx_word' id='word_1_258' title='bbox 308 3050 382 3111; x_wconf 78' lang='lat' dir='ltr'>runt,</span> <span class='ocrx_word' id='word_1_259' title='bbox 400 3061 466 3116; x_wconf 87' lang='lat' dir='ltr'>quae</span> <span class='ocrx_word' id='word_1_260' title='bbox 477 3047 539 3100; x_wconf 86' lang='lat' dir='ltr'>riris</span> <span class='ocrx_word' id='word_1_261' title='bbox 557 3047 641 3101; x_wconf 90' lang='lat' dir='ltr'>doctis</span> <span class='ocrx_word' id='word_1_262' title='bbox 651 3064 741 3116; x_wconf 90' lang='lat' dir='ltr'>parum</span> <span class='ocrx_word' id='word_1_263' title='bbox 759 3047 931 3114; x_wconf 90' lang='lat' dir='ltr'>probarentur</span> <span class='ocrx_word' id='word_1_264' title='bbox 937 3067 944 3110; x_wconf 91' lang='lat'>;</span> <span class='ocrx_word' id='word_1_265' title='bbox 961 3045 1117 3114; x_wconf 88' lang='lat' dir='ltr'>Pantagatbi</span> <span class='ocrx_word' id='word_1_266' title='bbox 1135 3045 1237 3113; x_wconf 92' lang='lat' dir='ltr'>quidem</span> <span class='ocrx_word' id='word_1_267' title='bbox 1250 3046 1396 3098; x_wconf 88' lang='lat' dir='ltr'>coniectura</span> <span class='ocrx_word' id='word_1_268' title='bbox 1413 3062 1475 3097; x_wconf 84' lang='lat' dir='ltr'>con-</span> 
     </span>
     <span class='ocr_line' id='line_1_28' title="bbox 310 3132 1475 3201; baseline -0.003 -14"><span class='ocrx_word' id='word_1_269' title='bbox 310 3133 388 3187; x_wconf 84' lang='lat' dir='ltr'>teriie</span> <span class='ocrx_word' id='word_1_270' title='bbox 406 3133 468 3198; x_wconf 78' lang='lat' dir='ltr'>(ie.</span> <span class='ocrx_word' id='word_1_271' title='bbox 484 3134 558 3201; x_wconf 90' lang='lat' dir='ltr'>equis</span> <span class='ocrx_word' id='word_1_272' title='bbox 576 3135 706 3198; x_wconf 88' lang='lat' dir='ltr'>castratis,</span> <span class='ocrx_word' id='word_1_273' title='bbox 724 3134 756 3185; x_wconf 90' lang='lat' dir='ltr'>ad</span> <span class='ocrx_word' id='word_1_274' title='bbox 775 3133 919 3185; x_wconf 83' lang='lat' dir='ltr'>vehendum</span> <span class='ocrx_word' id='word_1_275' title='bbox 938 3133 1016 3200; x_wconf 91' lang='lat' dir='ltr'>aptis)</span> <span class='ocrx_word' id='word_1_276' title='bbox 1034 3133 1071 3184; x_wconf 88' lang='lat' dir='ltr'>ita</span> <span class='ocrx_word' id='word_1_277' title='bbox 1088 3132 1192 3201; x_wconf 89' lang='lat' dir='ltr'>placuit,</span> <span class='ocrx_word' id='word_1_278' title='bbox 1211 3136 1239 3186; x_wconf 92' lang='lat' dir='ltr'>ut</span> <span class='ocrx_word' id='word_1_279' title='bbox 1252 3148 1314 3184; x_wconf 82' lang='lat' dir='ltr'>vera</span> <span class='ocrx_word' id='word_1_280' title='bbox 1326 3136 1411 3184; x_wconf 88' lang='lat' dir='ltr'>tamen</span> <span class='ocrx_word' id='word_1_281' title='bbox 1424 3146 1475 3184; x_wconf 90' lang='lat' dir='ltr'>nou</span> 
     </span>
     <span class='ocr_line' id='line_1_29' title="bbox 311 3218 1475 3288; baseline -0.003 -15"><span class='ocrx_word' id='word_1_282' title='bbox 311 3219 447 3273; x_wconf 80' lang='lat' dir='ltr'>videretur</span> <span class='ocrx_word' id='word_1_283' title='bbox 464 3235 535 3283; x_wconf 82' lang='lat' dir='ltr'>esse;</span> <span class='ocrx_word' id='word_1_284' title='bbox 558 3236 618 3272; x_wconf 89' lang='lat' dir='ltr'>nam</span> <span class='ocrx_word' id='word_1_285' title='bbox 642 3221 664 3272; x_wconf 91' lang='lat' dir='ltr'>si</span> <span class='ocrx_word' id='word_1_286' title='bbox 687 3220 751 3273; x_wconf 91' lang='lat' dir='ltr'>illud</span> <span class='ocrx_word' id='word_1_287' title='bbox 773 3220 903 3288; x_wconf 87' lang='lat' dir='ltr'>singulare</span> <span class='ocrx_word' id='word_1_288' title='bbox 926 3236 1048 3288; x_wconf 87' lang='lat' dir='ltr'>equorum</span> <span class='ocrx_word' id='word_1_289' title='bbox 1073 3235 1154 3288; x_wconf 90' lang='lat' dir='ltr'>genus</span> <span class='ocrx_word' id='word_1_290' title='bbox 1172 3235 1372 3274; x_wconf 89' lang='lat' dir='ltr'>commemorare</span> <span class='ocrx_word' id='word_1_291' title='bbox 1389 3218 1475 3282; x_wconf 82' lang='lat' dir='ltr'>vellet,</span> 
     </span>
     <span class='ocr_line' id='line_1_30' title="bbox 312 3305 1477 3375; baseline -0.003 -15"><span class='ocrx_word' id='word_1_292' title='bbox 312 3305 387 3375; x_wconf 91' lang='lat' dir='ltr'>quod</span> <span class='ocrx_word' id='word_1_293' title='bbox 404 3307 489 3374; x_wconf 82' lang='lat' dir='ltr'>ipsum</span> <span class='ocrx_word' id='word_1_294' title='bbox 500 3323 592 3375; x_wconf 90' lang='lat' dir='ltr'>parum</span> <span class='ocrx_word' id='word_1_295' title='bbox 610 3311 650 3360; x_wconf 90' lang='lat' dir='ltr'>est</span> <span class='ocrx_word' id='word_1_296' title='bbox 667 3306 808 3375; x_wconf 88' lang='lat' dir='ltr'>probabile,</span> <span class='ocrx_word' id='word_1_297' title='bbox 825 3308 942 3375; x_wconf 77' lang='lat' dir='ltr'>proxime</span> <span class='ocrx_word' id='word_1_298' title='bbox 954 3310 1014 3375; x_wconf 91' lang='lat' dir='ltr'>post</span> <span class='ocrx_word' id='word_1_299' title='bbox 1026 3305 1109 3360; x_wconf 90' lang='lat' dir='ltr'>mulos</span> <span class='ocrx_word' id='word_1_300' title='bbox 1128 3306 1254 3359; x_wconf 88' lang='lat' dir='ltr'>collocare</span> <span class='ocrx_word' id='word_1_301' title='bbox 1272 3306 1368 3359; x_wconf 85' lang='lat' dir='ltr'>debuit</span> <span class='ocrx_word' id='word_1_302' title='bbox 1392 3306 1477 3369; x_wconf 86' lang='lat' dir='ltr'>Quare</span> 
     </span>
     <span class='ocr_line' id='line_1_31' title="bbox 312 3393 1477 3462; baseline -0.002 -16"><span class='ocrx_word' id='word_1_303' title='bbox 312 3409 363 3447; x_wconf 90' lang='lat' dir='ltr'>nos</span> <span class='ocrx_word' id='word_1_304' title='bbox 382 3393 537 3447; x_wconf 86' lang='lat' dir='ltr'>oonieeimus</span> <span class='ocrx_word' id='word_1_305' title='bbox 555 3393 678 3455; x_wconf 73' lang='lat' dir='ltr'>seruitiis,</span> <span class='ocrx_word' id='word_1_306' title='bbox 695 3393 744 3446; x_wconf 84' lang='lat' dir='ltr'>ie.</span> <span class='ocrx_word' id='word_1_307' title='bbox 763 3395 845 3447; x_wconf 86' lang='lat' dir='ltr'>servis</span> <span class='ocrx_word' id='word_1_308' title='bbox 863 3395 888 3445; x_wconf 91' lang='lat' dir='ltr'>in</span> <span class='ocrx_word' id='word_1_309' title='bbox 906 3395 1001 3446; x_wconf 89' lang='lat' dir='ltr'>iustam</span> <span class='ocrx_word' id='word_1_310' title='bbox 1020 3394 1132 3446; x_wconf 85' lang='lat' dir='ltr'>familiae</span> <span class='ocrx_word' id='word_1_311' title='bbox 1145 3394 1253 3447; x_wconf 87' lang='lat' dir='ltr'>formam</span> <span class='ocrx_word' id='word_1_312' title='bbox 1271 3393 1430 3462; x_wconf 90' lang='lat' dir='ltr'>compositis,</span> <span class='ocrx_word' id='word_1_313' title='bbox 1447 3396 1477 3445; x_wconf 93' lang='lat' dir='ltr'>ut</span> 
     </span>
     <span class='ocr_line' id='line_1_32' title="bbox 312 3478 1475 3548; baseline -0.003 -15"><span class='ocrx_word' id='word_1_314' title='bbox 312 3480 383 3533; x_wconf 87' lang='lat' dir='ltr'>alius</span> <span class='ocrx_word' id='word_1_315' title='bbox 401 3483 471 3533; x_wconf 72' lang='lat' dir='ltr'>emet</span> <span class='ocrx_word' id='word_1_316' title='bbox 488 3493 593 3548; x_wconf 92' lang='lat' dir='ltr'>coquus,</span> <span class='ocrx_word' id='word_1_317' title='bbox 609 3478 675 3532; x_wconf 88' lang='lat' dir='ltr'>alius</span> <span class='ocrx_word' id='word_1_318' title='bbox 694 3495 710 3530; x_wconf 90' lang='lat' dir='ltr'>a</span> <span class='ocrx_word' id='word_1_319' title='bbox 727 3479 854 3543; x_wconf 87' lang='lat' dir='ltr'>cubiculo,</span> <span class='ocrx_word' id='word_1_320' title='bbox 872 3479 938 3533; x_wconf 89' lang='lat' dir='ltr'>alius</span> <span class='ocrx_word' id='word_1_321' title='bbox 948 3479 1070 3543; x_wconf 89' lang='lat' dir='ltr'>medicus,</span> <span class='ocrx_word' id='word_1_322' title='bbox 1089 3480 1132 3532; x_wconf 89' lang='lat' dir='ltr'>alii</span> <span class='ocrx_word' id='word_1_323' title='bbox 1145 3481 1178 3533; x_wconf 90' lang='lat' dir='ltr'>ab</span> <span class='ocrx_word' id='word_1_324' title='bbox 1190 3481 1248 3532; x_wconf 87' lang='lat' dir='ltr'>aliis</span> <span class='ocrx_word' id='word_1_325' title='bbox 1260 3482 1346 3533; x_wconf 88' lang='lat' dir='ltr'>rebus.</span> <span class='ocrx_word' id='word_1_326' title='bbox 1375 3480 1475 3531; x_wconf 85' lang='lat' dir='ltr'>Etenim</span> 
     </span>
     <span class='ocr_line' id='line_1_33' title="bbox 313 3563 1476 3635; baseline -0.005 -16"><span class='ocrx_word' id='word_1_327' title='bbox 313 3567 360 3635; x_wconf 92' lang='lat' dir='ltr'>qni</span> <span class='ocrx_word' id='word_1_328' title='bbox 378 3567 406 3618; x_wconf 91' lang='lat' dir='ltr'>in</span> <span class='ocrx_word' id='word_1_329' title='bbox 428 3582 528 3634; x_wconf 88' lang='lat' dir='ltr'>quaque</span> <span class='ocrx_word' id='word_1_330' title='bbox 550 3566 626 3618; x_wconf 89' lang='lat' dir='ltr'>domo</span> <span class='ocrx_word' id='word_1_331' title='bbox 649 3568 736 3618; x_wconf 87' lang='lat' dir='ltr'>essent</span> <span class='ocrx_word' id='word_1_332' title='bbox 758 3566 839 3628; x_wconf 80' lang='lat' dir='ltr'>servi,</span> <span class='ocrx_word' id='word_1_333' title='bbox 863 3567 1030 3618; x_wconf 88' lang='lat' dir='ltr'>communiter</span> <span class='ocrx_word' id='word_1_334' title='bbox 1050 3565 1141 3618; x_wconf 88' lang='lat' dir='ltr'>Latine</span> <span class='ocrx_word' id='word_1_335' title='bbox 1162 3567 1294 3619; x_wconf 79' lang='lat' dir='ltr'>servitium</span> <span class='ocrx_word' id='word_1_336' title='bbox 1318 3563 1476 3631; x_wconf 66' lang='lat' dir='ltr'>appellatura</span> 
     </span>
     <span class='ocr_line' id='line_1_34' title="bbox 313 3649 1478 3720; baseline -0.005 -15"><span class='ocrx_word' id='word_1_337' title='bbox 313 3667 396 3720; x_wconf 87' lang='lat' dir='ltr'>quare</span> <span class='ocrx_word' id='word_1_338' title='bbox 414 3668 474 3706; x_wconf 91' lang='lat' dir='ltr'>cum</span> <span class='ocrx_word' id='word_1_339' title='bbox 491 3651 578 3704; x_wconf 92' lang='lat' dir='ltr'>decem</span> <span class='ocrx_word' id='word_1_340' title='bbox 596 3652 638 3704; x_wconf 91' lang='lat' dir='ltr'>hic</span> <span class='ocrx_word' id='word_1_341' title='bbox 657 3651 748 3704; x_wconf 91' lang='lat' dir='ltr'>domus</span> <span class='ocrx_word' id='word_1_342' title='bbox 765 3651 858 3704; x_wconf 91' lang='lat' dir='ltr'>instrui</span> <span class='ocrx_word' id='word_1_343' title='bbox 877 3654 1016 3720; x_wconf 81' lang='lat' dir='ltr'>oporteret,</span> <span class='ocrx_word' id='word_1_344' title='bbox 1033 3650 1122 3703; x_wconf 90' lang='lat' dir='ltr'>decem</span> <span class='ocrx_word' id='word_1_345' title='bbox 1139 3666 1205 3719; x_wconf 91' lang='lat' dir='ltr'>opus</span> <span class='ocrx_word' id='word_1_346' title='bbox 1223 3655 1279 3702; x_wconf 90' lang='lat' dir='ltr'>erat</span> <span class='ocrx_word' id='word_1_347' title='bbox 1296 3649 1417 3702; x_wconf 82' lang='lat' dir='ltr'>servitiis.</span> <span class='ocrx_word' id='word_1_348' title='bbox 1442 3649 1478 3700; x_wconf 76' lang='lat' dir='ltr'>at</span> 
     </span>
     <span class='ocr_line' id='line_1_35' title="bbox 313 3734 1478 3806; baseline -0.006 -15"><span class='ocrx_word' id='word_1_349' title='bbox 313 3739 386 3793; x_wconf 90' lang='lat' dir='ltr'>euim</span> <span class='ocrx_word' id='word_1_350' title='bbox 408 3753 498 3793; x_wconf 75' lang='lat' dir='ltr'>aereos</span> <span class='ocrx_word' id='word_1_351' title='bbox 520 3736 714 3806; x_wconf 87' lang='lat' dir='ltr'>magistratibus</span> <span class='ocrx_word' id='word_1_352' title='bbox 737 3754 752 3789; x_wconf 90' lang='lat' dir='ltr'>a</span> <span class='ocrx_word' id='word_1_353' title='bbox 774 3737 870 3806; x_wconf 92' lang='lat' dir='ltr'>populo</span> <span class='ocrx_word' id='word_1_354' title='bbox 895 3738 1012 3805; x_wconf 87' lang='lat' dir='ltr'>praeberi</span> <span class='ocrx_word' id='word_1_355' title='bbox 1037 3753 1088 3790; x_wconf 91' lang='lat' dir='ltr'>nou</span> <span class='ocrx_word' id='word_1_356' title='bbox 1111 3750 1249 3788; x_wconf 88' lang='lat' dir='ltr'>consuesse</span> <span class='ocrx_word' id='word_1_357' title='bbox 1271 3734 1429 3801; x_wconf 89' lang='lat' dir='ltr'>collegerunt</span> <span class='ocrx_word' id='word_1_358' title='bbox 1445 3748 1478 3785; x_wconf 84' lang='lat' dir='ltr'>ex</span> 
     </span>
     <span class='ocr_line' id='line_1_36' title="bbox 315 3821 1479 3888; baseline -0.008 -10"><span class='ocrx_word' id='word_1_359' title='bbox 315 3824 371 3878; x_wconf 78' lang='lat' dir='ltr'>(lic.</span> <span class='ocrx_word' id='word_1_360' title='bbox 388 3824 417 3879; x_wconf 88' lang='lat' dir='ltr'>iu</span> <span class='ocrx_word' id='word_1_361' title='bbox 434 3823 508 3878; x_wconf 89' lang='lat' dir='ltr'>Verr.</span> <span class='ocrx_word' id='word_1_362' title='bbox 526 3824 575 3888; x_wconf 89' lang='lat' dir='ltr'>IV,</span> <span class='ocrx_word' id='word_1_363' title='bbox 593 3823 624 3888; x_wconf 82' lang='lat'>5,</span> <span class='ocrx_word' id='word_1_364' title='bbox 643 3823 667 3876; x_wconf 85' lang='lat'>9.</span> <span class='ocrx_word' id='word_1_365' title='bbox 703 3824 758 3887; x_wconf 87' lang='lat' dir='ltr'>Quo</span> <span class='ocrx_word' id='word_1_366' title='bbox 777 3824 835 3876; x_wconf 89' lang='lat' dir='ltr'>loco</span> <span class='ocrx_word' id='word_1_367' title='bbox 856 3822 946 3876; x_wconf 84' lang='lat' dir='ltr'>Cicero</span> <span class='ocrx_word' id='word_1_368' title='bbox 963 3824 1012 3876; x_wconf 88' lang='lat' dir='ltr'>hoc</span> <span class='ocrx_word' id='word_1_369' title='bbox 1036 3823 1137 3874; x_wconf 82' lang='lat' dir='ltr'>ridetur</span> <span class='ocrx_word' id='word_1_370' title='bbox 1159 3821 1252 3885; x_wconf 86' lang='lat' dir='ltr'>dicere,</span> <span class='ocrx_word' id='word_1_371' title='bbox 1275 3823 1374 3871; x_wconf 85' lang='lat' dir='ltr'>restem</span> <span class='ocrx_word' id='word_1_372' title='bbox 1394 3822 1421 3870; x_wconf 89' lang='lat' dir='ltr'>et</span> <span class='ocrx_word' id='word_1_373' title='bbox 1439 3835 1479 3870; x_wconf 88' lang='lat' dir='ltr'>ar·</span> 
     </span>
     <span class='ocr_line' id='line_1_37' title="bbox 315 3907 1479 3982; baseline -0.006 -17"><span class='ocrx_word' id='word_1_374' title='bbox 315 3915 438 3982; x_wconf 85' lang='lat' dir='ltr'>gentum,</span> <span class='ocrx_word' id='word_1_375' title='bbox 455 3926 521 3979; x_wconf 92' lang='lat' dir='ltr'>quae</span> <span class='ocrx_word' id='word_1_376' title='bbox 541 3910 689 3978; x_wconf 88' lang='lat' dir='ltr'>proconsuli</span> <span class='ocrx_word' id='word_1_377' title='bbox 716 3910 747 3962; x_wconf 91' lang='lat' dir='ltr'>do</span> <span class='ocrx_word' id='word_1_378' title='bbox 767 3910 871 3978; x_wconf 88' lang='lat' dir='ltr'>publico</span> <span class='ocrx_word' id='word_1_379' title='bbox 891 3909 1026 3973; x_wconf 88' lang='lat' dir='ltr'>darentur,</span> <span class='ocrx_word' id='word_1_380' title='bbox 1047 3909 1084 3960; x_wconf 92' lang='lat' dir='ltr'>ita</span> <span class='ocrx_word' id='word_1_381' title='bbox 1109 3907 1178 3958; x_wconf 87' lang='lat' dir='ltr'>lacta</span> <span class='ocrx_word' id='word_1_382' title='bbox 1204 3907 1258 3958; x_wconf 88' lang='lat' dir='ltr'>eius</span> <span class='ocrx_word' id='word_1_383' title='bbox 1285 3921 1342 3958; x_wconf 91' lang='lat' dir='ltr'>esse</span> <span class='ocrx_word' id='word_1_384' title='bbox 1364 3907 1479 3974; x_wconf 90' lang='lat' dir='ltr'>propria,</span> 
     </span>
     <span class='ocr_line' id='line_1_38' title="bbox 317 3993 1479 4065; baseline -0.006 -15"><span class='ocrx_word' id='word_1_385' title='bbox 317 4000 348 4050; x_wconf 90' lang='lat' dir='ltr'>ut</span> <span class='ocrx_word' id='word_1_386' title='bbox 365 3997 445 4049; x_wconf 88' lang='lat' dir='ltr'>etiam</span> <span class='ocrx_word' id='word_1_387' title='bbox 462 4000 525 4065; x_wconf 88' lang='lat' dir='ltr'>post</span> <span class='ocrx_word' id='word_1_388' title='bbox 545 3997 706 4064; x_wconf 85' lang='lat' dir='ltr'>provinciam</span> <span class='ocrx_word' id='word_1_389' title='bbox 724 3997 857 4061; x_wconf 89' lang='lat' dir='ltr'>retineret,</span> <span class='ocrx_word' id='word_1_390' title='bbox 879 4011 980 4059; x_wconf 76' lang='lat' dir='ltr'>seruos,</span> <span class='ocrx_word' id='word_1_391' title='bbox 1003 3996 1046 4062; x_wconf 90' lang='lat' dir='ltr'>qui</span> <span class='ocrx_word' id='word_1_392' title='bbox 1068 3994 1099 4046; x_wconf 91' lang='lat' dir='ltr'>de</span> <span class='ocrx_word' id='word_1_393' title='bbox 1117 3993 1220 4061; x_wconf 90' lang='lat' dir='ltr'>publico</span> <span class='ocrx_word' id='word_1_394' title='bbox 1238 3993 1435 4060; x_wconf 87' lang='lat' dir='ltr'>praeberentur,</span> <span class='ocrx_word' id='word_1_395' title='bbox 1451 3993 1479 4043; x_wconf 92' lang='lat' dir='ltr'>iu</span> 
     </span>
     <span class='ocr_line' id='line_1_39' title="bbox 317 4078 1479 4152; baseline -0.006 -16"><span class='ocrx_word' id='word_1_396' title='bbox 317 4082 456 4152; x_wconf 78' lang='lat' dir='ltr'>provincia</span> <span class='ocrx_word' id='word_1_397' title='bbox 468 4082 595 4135; x_wconf 89' lang='lat' dir='ltr'>mansisse</span> <span class='ocrx_word' id='word_1_398' title='bbox 607 4098 805 4151; x_wconf 87' lang='lat' dir='ltr'>communesque</span> <span class='ocrx_word' id='word_1_399' title='bbox 823 4083 903 4135; x_wconf 88' lang='lat' dir='ltr'>fuisse</span> <span class='ocrx_word' id='word_1_400' title='bbox 921 4082 1034 4134; x_wconf 90' lang='lat' dir='ltr'>omnium</span> <span class='ocrx_word' id='word_1_401' title='bbox 1048 4078 1238 4148; x_wconf 88' lang='lat' dir='ltr'>proconsulum.</span> <span class='ocrx_word' id='word_1_402' title='bbox 1264 4079 1331 4133; x_wconf 89' lang='lat' dir='ltr'>Nam</span> <span class='ocrx_word' id='word_1_403' title='bbox 1349 4093 1410 4130; x_wconf 89' lang='lat' dir='ltr'>usos</span> <span class='ocrx_word' id='word_1_404' title='bbox 1422 4093 1479 4130; x_wconf 88' lang='lat' dir='ltr'>esse</span> 
     </span>
     <span class='ocr_line' id='line_1_40' title="bbox 318 4166 1479 4239; baseline -0.008 -15"><span class='ocrx_word' id='word_1_405' title='bbox 318 4185 380 4225; x_wconf 88' lang='lat' dir='ltr'>eum</span> <span class='ocrx_word' id='word_1_406' title='bbox 397 4169 511 4237; x_wconf 90' lang='lat' dir='ltr'>reliquos</span> <span class='ocrx_word' id='word_1_407' title='bbox 527 4171 709 4239; x_wconf 89' lang='lat' dir='ltr'>proconsules,</span> <span class='ocrx_word' id='word_1_408' title='bbox 731 4174 785 4222; x_wconf 88' lang='lat' dir='ltr'>tum</span> <span class='ocrx_word' id='word_1_409' title='bbox 804 4170 908 4222; x_wconf 87' lang='lat' dir='ltr'>Siciliae</span> <span class='ocrx_word' id='word_1_410' title='bbox 925 4172 1106 4238; x_wconf 87' lang='lat' dir='ltr'>propraetores</span> <span class='ocrx_word' id='word_1_411' title='bbox 1132 4168 1214 4221; x_wconf 84' lang='lat' dir='ltr'>serris</span> <span class='ocrx_word' id='word_1_412' title='bbox 1237 4166 1347 4236; x_wconf 89' lang='lat' dir='ltr'>publicis</span> <span class='ocrx_word' id='word_1_413' title='bbox 1369 4167 1479 4216; x_wconf 82' lang='lat' dir='ltr'>constat.</span> 
     </span>
     <span class='ocr_line' id='line_1_41' title="bbox 318 4251 1480 4325; baseline -0.007 -15"><span class='ocrx_word' id='word_1_414' title='bbox 318 4256 368 4310; x_wconf 79' lang='lat' dir='ltr'>nis</span> <span class='ocrx_word' id='word_1_415' title='bbox 386 4259 474 4308; x_wconf 87' lang='lat' dir='ltr'>autem</span> <span class='ocrx_word' id='word_1_416' title='bbox 489 4256 588 4319; x_wconf 75' lang='lat' dir='ltr'>Xenis,</span> <span class='ocrx_word' id='word_1_417' title='bbox 605 4256 649 4325; x_wconf 93' lang='lat' dir='ltr'>qui</span> <span class='ocrx_word' id='word_1_418' title='bbox 663 4272 715 4309; x_wconf 92' lang='lat' dir='ltr'>non</span> <span class='ocrx_word' id='word_1_419' title='bbox 733 4257 760 4307; x_wconf 91' lang='lat' dir='ltr'>in</span> <span class='ocrx_word' id='word_1_420' title='bbox 772 4257 931 4325; x_wconf 88' lang='lat' dir='ltr'>provinciam</span> <span class='ocrx_word' id='word_1_421' title='bbox 943 4254 1019 4307; x_wconf 89' lang='lat' dir='ltr'>domo</span> <span class='ocrx_word' id='word_1_422' title='bbox 1031 4255 1163 4321; x_wconf 85' lang='lat' dir='ltr'>servisque</span> <span class='ocrx_word' id='word_1_423' title='bbox 1174 4255 1326 4307; x_wconf 89' lang='lat' dir='ltr'>instructam</span> <span class='ocrx_word' id='word_1_424' title='bbox 1342 4253 1417 4315; x_wconf 89' lang='lat' dir='ltr'>irent,</span> <span class='ocrx_word' id='word_1_425' title='bbox 1435 4251 1480 4303; x_wconf 90' lang='lat' dir='ltr'>sed</span> 
     </span>
     <span class='ocr_line' id='line_1_42' title="bbox 318 4339 1480 4410; baseline -0.006 -14"><span class='ocrx_word' id='word_1_426' title='bbox 318 4347 348 4396; x_wconf 89' lang='lat' dir='ltr'>et</span> <span class='ocrx_word' id='word_1_427' title='bbox 364 4344 392 4396; x_wconf 90' lang='lat' dir='ltr'>in</span> <span class='ocrx_word' id='word_1_428' title='bbox 411 4341 487 4398; x_wconf 83' lang='lat' dir='ltr'>Italia</span> <span class='ocrx_word' id='word_1_429' title='bbox 504 4345 530 4395; x_wconf 91' lang='lat' dir='ltr'>et</span> <span class='ocrx_word' id='word_1_430' title='bbox 547 4343 574 4395; x_wconf 91' lang='lat' dir='ltr'>in</span> <span class='ocrx_word' id='word_1_431' title='bbox 593 4343 650 4395; x_wconf 85' lang='lat' dir='ltr'>aliis</span> <span class='ocrx_word' id='word_1_432' title='bbox 667 4343 807 4410; x_wconf 82' lang='lat' dir='ltr'>provinciis</span> <span class='ocrx_word' id='word_1_433' title='bbox 826 4344 881 4394; x_wconf 90' lang='lat' dir='ltr'>sine</span> <span class='ocrx_word' id='word_1_434' title='bbox 900 4344 968 4393; x_wconf 89' lang='lat' dir='ltr'>certa</span> <span class='ocrx_word' id='word_1_435' title='bbox 986 4342 1046 4394; x_wconf 90' lang='lat' dir='ltr'>sede</span> <span class='ocrx_word' id='word_1_436' title='bbox 1064 4344 1152 4393; x_wconf 87' lang='lat' dir='ltr'>essent</span> <span class='ocrx_word' id='word_1_437' title='bbox 1169 4340 1299 4409; x_wconf 77' lang='lat' dir='ltr'>negaturi,</span> <span class='ocrx_word' id='word_1_438' title='bbox 1316 4342 1384 4391; x_wconf 91' lang='lat' dir='ltr'>certe</span> <span class='ocrx_word' id='word_1_439' title='bbox 1399 4339 1480 4390; x_wconf 87' lang='lat' dir='ltr'>serris</span> 
     </span>
     <span class='ocr_line' id='line_1_43' title="bbox 319 4424 1480 4499; baseline -0.004 -17"><span class='ocrx_word' id='word_1_440' title='bbox 319 4428 434 4499; x_wconf 90' lang='lat' dir='ltr'>publicis</span> <span class='ocrx_word' id='word_1_441' title='bbox 452 4443 519 4497; x_wconf 88' lang='lat' dir='ltr'>opus</span> <span class='ocrx_word' id='word_1_442' title='bbox 537 4435 593 4483; x_wconf 88' lang='lat' dir='ltr'>erat</span> <span class='ocrx_word' id='word_1_443' title='bbox 611 4427 764 4496; x_wconf 87' lang='lat' dir='ltr'>conficitque</span> <span class='ocrx_word' id='word_1_444' title='bbox 782 4444 836 4481; x_wconf 89' lang='lat' dir='ltr'>rem</span> <span class='ocrx_word' id='word_1_445' title='bbox 853 4429 979 4481; x_wconf 88' lang='lat' dir='ltr'>curatoris</span> <span class='ocrx_word' id='word_1_446' title='bbox 997 4443 1119 4497; x_wconf 91' lang='lat' dir='ltr'>aquarum</span> <span class='ocrx_word' id='word_1_447' title='bbox 1137 4427 1289 4495; x_wconf 86' lang='lat' dir='ltr'>exemplum,</span> <span class='ocrx_word' id='word_1_448' title='bbox 1307 4425 1348 4477; x_wconf 91' lang='lat' dir='ltr'>cui</span> <span class='ocrx_word' id='word_1_449' title='bbox 1365 4424 1480 4477; x_wconf 79' lang='lat' dir='ltr'>Frontiu.</span> 
     </span>
     <span class='ocr_line' id='line_1_44' title="bbox 320 4509 1481 4586; baseline -0.006 -16"><span class='ocrx_word' id='word_1_450' title='bbox 320 4532 345 4570; x_wconf 89' lang='lat' dir='ltr'>c.</span> <span class='ocrx_word' id='word_1_451' title='bbox 367 4515 418 4570; x_wconf 85' lang='lat'>100</span> <span class='ocrx_word' id='word_1_452' title='bbox 435 4530 482 4568; x_wconf 92' lang='lat' dir='ltr'>suo</span> <span class='ocrx_word' id='word_1_453' title='bbox 500 4519 617 4586; x_wconf 87' lang='lat' dir='ltr'>tempore</span> <span class='ocrx_word' id='word_1_454' title='bbox 634 4519 687 4568; x_wconf 91' lang='lat' dir='ltr'>tres</span> <span class='ocrx_word' id='word_1_455' title='bbox 708 4529 797 4568; x_wconf 82' lang='lat' dir='ltr'>servos</span> <span class='ocrx_word' id='word_1_456' title='bbox 814 4514 931 4583; x_wconf 88' lang='lat' dir='ltr'>publicos</span> <span class='ocrx_word' id='word_1_457' title='bbox 951 4514 1006 4567; x_wconf 86' lang='lat' dir='ltr'>dari</span> <span class='ocrx_word' id='word_1_458' title='bbox 1028 4515 1124 4568; x_wconf 88' lang='lat' dir='ltr'>scribit.</span> <span class='ocrx_word' id='word_1_459' title='bbox 1160 4512 1350 4582; x_wconf 75' lang='lat' dir='ltr'>supellectiles</span> <span class='ocrx_word' id='word_1_460' title='bbox 1372 4509 1481 4579; x_wconf 87' lang='lat' dir='ltr'>deniqne</span> 
     </span>
     <span class='ocr_line' id='line_1_45' title="bbox 322 4598 1482 4672; baseline -0.006 -15"><span class='ocrx_word' id='word_1_461' title='bbox 322 4602 442 4672; x_wconf 86' lang='lat' dir='ltr'>intellige</span> <span class='ocrx_word' id='word_1_462' title='bbox 459 4606 606 4672; x_wconf 86' lang='lat' dir='ltr'>argentum,</span> <span class='ocrx_word' id='word_1_463' title='bbox 630 4604 729 4654; x_wconf 82' lang='lat' dir='ltr'>vestem</span> <span class='ocrx_word' id='word_1_464' title='bbox 752 4602 907 4669; x_wconf 88' lang='lat' dir='ltr'>stragulam,</span> <span class='ocrx_word' id='word_1_465' title='bbox 930 4601 989 4654; x_wconf 85' lang='lat' dir='ltr'>alia.</span> <span class='ocrx_word' id='word_1_466' title='bbox 1033 4601 1153 4654; x_wconf 87' lang='lat' dir='ltr'>Notauda</span> <span class='ocrx_word' id='word_1_467' title='bbox 1179 4604 1264 4653; x_wconf 89' lang='lat' dir='ltr'>autem</span> <span class='ocrx_word' id='word_1_468' title='bbox 1290 4600 1353 4651; x_wconf 88' lang='lat' dir='ltr'>haec</span> <span class='ocrx_word' id='word_1_469' title='bbox 1375 4598 1482 4651; x_wconf 78' lang='lat' dir='ltr'>ablativi</span> 
     </span>
     <span class='ocr_line' id='line_1_46' title="bbox 321 4683 1483 4757; baseline -0.009 -12"><span class='ocrx_word' id='word_1_470' title='bbox 321 4689 417 4755; x_wconf 82' lang='lat' dir='ltr'>torma,</span> <span class='ocrx_word' id='word_1_471' title='bbox 434 4704 502 4757; x_wconf 85' lang='lat' dir='ltr'>quae</span> <span class='ocrx_word' id='word_1_472' title='bbox 519 4690 597 4744; x_wconf 86' lang='lat' dir='ltr'>etiam</span> <span class='ocrx_word' id='word_1_473' title='bbox 614 4688 682 4743; x_wconf 88' lang='lat' dir='ltr'>inira</span> <span class='ocrx_word' id='word_1_474' title='bbox 699 4691 714 4755; x_wconf 66' lang='grc' dir='ltr'><strong>ξ</strong></span> <span class='ocrx_word' id='word_1_475' title='bbox 731 4688 766 4744; x_wconf 83' lang='grc'>38</span> <span class='ocrx_word' id='word_1_476' title='bbox 783 4689 885 4743; x_wconf 82' lang='lat' dir='ltr'>videtur</span> <span class='ocrx_word' id='word_1_477' title='bbox 903 4704 962 4744; x_wconf 89' lang='lat' dir='ltr'>esse</span> <span class='ocrx_word' id='word_1_478' title='bbox 985 4692 1064 4745; x_wconf 83' lang='lat' dir='ltr'>certa.</span> <span class='ocrx_word' id='word_1_479' title='bbox 1098 4683 1483 4750; x_wconf 77' lang='lat' dir='ltr'>AtinVerr.11,14‚350t</span> 
     </span>
    </p>
   </div>
   <div class='ocr_carea' id='block_1_5' title="bbox 0 0 1816 5492">
    <p class='ocr_par' dir='ltr' id='par_1_5' title="bbox 0 0 1816 5492">
     <span class='ocr_line' id='line_1_47' title="bbox 0 0 1816 5492; baseline 0 0"><span class='ocrx_word' id='word_1_480' title='bbox 0 0 1816 5492; x_wconf 95' lang='lat' dir='ltr'> </span> 
     </span>
    </p>
   </div>
  </div>
 </body>
</html>
