3550 5492
881 599 916 641 1v

321 759 394 831 que
422 736 676 834 aenigmatum
697 736 829 810 similis
849 761 971 835 neque
997 730 1098 811 iusto
1118 737 1278 838 longior,
1307 741 1371 814 sed
1399 767 1482 814 mo·

320 863 403 938 dica
429 875 472 938 ut
504 863 542 937 in
578 875 683 939 tanto
716 875 938 964 argumento
971 876 1084 964 atque
1117 867 1476 961 ad,illustrandum,

322 1017 396 1064 non
426 993 473 1065 ad
500 995 730 1067 onerandum
759 993 977 1100 scriptorem
998 995 1184 1088 instituta,
1212 996 1249 1069 in
1280 1024 1354 1095 qua
1381 1024 1480 1096 quae

320 1121 468 1195 notiora
486 1133 605 1213 erant,
633 1123 852 1197 brevissime
871 1122 1134 1216 indicavimus,
1163 1123 1293 1216 multa,
1323 1153 1417 1223 quae
1448 1127 1480 1200 si

318 1251 550 1348 argumentis
578 1252 938 1343 demonstrarentur,
967 1253 1175 1352 longiorem
1203 1234 1477 1355 expositionem

317 1378 562 1477 requirerent,
589 1379 696 1478 quasi
723 1363 769 1454 de
791 1381 969 1454 tribunali
988 1382 1329 1480 pronuntiavimus,
1356 1411 1478 1484 pauca

317 1532 386 1582 nec
405 1509 481 1582 fere
500 1508 572 1582 nisi
591 1535 709 1582 unum
728 1509 864 1602 locum,
885 1535 998 1608 quem
1014 1536 1176 1586 excursu
1191 1513 1370 1613 peculiari
1389 1513 1476 1587 illu-

317 1638 538 1730 stravimus,
567 1638 737 1739 pluribus
765 1665 895 1713 sumus
923 1641 1122 1740 persecuti.
1176 1641 1220 1714 ln
1255 1668 1330 1739 qua
1357 1668 1476 1715 anno-

315 1767 457 1841 tatione
487 1768 588 1864 quod
606 1767 756 1843 criticae
784 1769 1051 1868 disputationis
1070 1780 1252 1866 quantum
1273 1796 1366 1869 opus
1394 1783 1476 1844 erat

316 1922 402 1969 cum
429 1895 740 1995 interpretatione
768 1897 1051 1989 coniunximus,
1086 1922 1180 1995 quae
1214 1910 1348 1972 natura
1375 1898 1475 1972 inter

211 2050 213 2055 ·
314 2051 353 2099 se
384 2049 557 2099 connexa
575 2037 676 2118 sunt,
705 2026 872 2100 oratione
893 2037 959 2100 aut
984 2027 1067 2100 loco
1086 2027 1282 2126 seiungere
1310 2052 1379 2101 nec
1407 2054 1473 2101 vo-

316 2154 456 2228 luimus
486 2178 555 2229 nec
582 2155 786 2256 potuimus.
842 2154 985 2246 Quodsi
1013 2155 1163 2253 quibuS,
1191 2155 1362 2254 quamvis
1390 2157 1473 2229 bre-

312 2284 421 2362 vitati
459 2285 731 2372 studuerimUS,
772 2295 895 2359 tamen
937 2311 1208 2383 nonnunquam
1245 2284 1471 2384 copiosiores

315 2439 396 2488 esse
429 2415 657 2505 videbimur,
698 2425 882 2487 excusent
918 2414 1079 2512 primum
1115 2415 1338 2504 orationem,
1379 2413 1470 2486 dum

312 2544 489 2618 infamem
517 2543 619 2618 illam
648 2556 821 2617 notarum
850 2542 1091 2617 Latinitatem
1121 2542 1236 2640 fugit,
1268 2541 1470 2640 aliquando

311 2673 542 2766 excurrisse,
567 2673 701 2747 deinde
728 2672 892 2762 videant,
921 2672 1020 2769 quod
1049 2672 1257 2744 redundare
1285 2671 1469 2762 videatur,

311 2828 358 2877 ne
394 2801 535 2903 optima
567 2804 612 2876 de
645 2828 757 2877 causa
790 2802 839 2874 sit
870 2799 1047 2900 positum.
1106 2799 1198 2873 Cum
1234 2799 1333 2872 enim
1367 2800 1469 2874 viros

310 2933 452 3024 doctos,
482 2958 504 3004 a
527 2958 687 3030 quorum
706 2930 1014 3030 interpretatione
1042 2928 1328 3019 discederemus,
1349 2927 1470 3000 nomi-

312 3087 399 3149 nare
432 3062 509 3137 fere
543 3061 791 3148 noluerimus,
826 3059 946 3132 multa
979 3083 1088 3156 saepe
1111 3056 1191 3155 qui
1230 3055 1466 3155 superiorum

310 3202 418 3265 notas
453 3190 643 3290 cognorit,
677 3187 884 3263 necessaria
920 3211 1000 3260 esse
1032 3184 1229 3284 intelliget.
1291 3183 1470 3282 Cogitent

309 3321 420 3395 etiam
448 3322 552 3411 illud,
577 3322 806 3418 quantopere
827 3340 929 3419 nunc
948 3315 1164 3390 Latinitatis
1184 3314 1349 3414 cognitio
1377 3315 1468 3386 sub-

308 3449 484 3549 tiliorque
515 3448 631 3548 quasiv
655 3446 914 3547 interpretatio
942 3445 1074 3544 perire·
1091 3445 1270 3545 coeperit,
1305 3452 1347 3516 ut
1373 3468 1468 3538 quo-

309 3581 419 3654 modo
447 3579 611 3679 quidque
632 3576 793 3675 scriptor
809 3575 949 3649 dixerit
968 3586 1005 3649 et
1032 3601 1107 3672 qua
1125 3576 1169 3648 de
1189 3599 1300 3649 causa
1328 3581 1366 3644 et
1389 3597 1467 3668 quo

308 3708 488 3783 orationis
529 3719 721 3805 tamquam
756 3706 896 3797 colore,
932 3704 1042 3805 pauci
1081 3704 1153 3777 iam
1187 3701 1276 3775 satis
1315 3712 1466 3773 curent:

309 3863 356 3910 ex
377 3837 485 3910 cuius
513 3835 566 3908 rei
591 3833 996 3942 ignoratione'plurimi
1015 3835 1061 3908 de
1079 3835 1190 3907 rebus
1203 3829 1301 3930 „ipsis
1321 3854 1465 3903 errores

307 3976 604 4065 consequuntur.
659 3963 742 4054 Quo
769 3964 806 4037 in
836 3936 971 4062 genere
1000 3974 1043 4036 ut
1069 3960 1212 4035 animos
1241 3985 1367 4035 eorum
1392 3957 1465 4056 ’qui

306 4096 397 4169 haec
423 4095 558 4169 lecturi
586 4104 712 4168 essent
732 4118 949 4166 acueremus
971 4116 1013 4164 ac
1041 4089 1131 4187 quid
1158 4089 1321 4162 maxime
1346 4085 1465 4160 anim-

308 4225 576 4298 advertendum
603 4233 701 4297 esset
729 4221 1045 4321 significaremus,
1074 4217 1183 4317 plura
1207 4241 1315 4316 saepe
1340 4215 1465 4288 dicere

307 4352 426 4428 coacti
455 4379 596 4429 sumus.
647 4353 689 4425 ln
719 4351 825 4425 exitu
853 4348 1014 4445 denique
1040 4347 1126 4420 libri
1153 4344 1463 4421 commentarium
1495 4354 1500 4362 '

307 4483 478 4558 criticum
499 4481 714 4572 adiecimus,
744 4481 796 4552 ad
809 4478 992 4552 rationem
1014 4488 1179 4551 nostram
1204 4477 1463 4548 demonstran-

289 4614 390 4686 'dam
425 4610 688 4688 necessarium.
743 4610 840 4682 Eum
873 4595 1013 4706 reliqui
1041 4629 1130 4680 sane
1158 4604 1367 4703 negligant,
1396 4605 1463 4700 qui
