3550 5492
958 589 980 635 X

389 726 432 808 id,
455 728 510 812 qui
530 733 606 793 tunc
627 727 775 793 uiuerent
788 727 930 810 Romani,
953 745 1009 792 nos
1031 747 1087 795 nec
1108 726 1282 813 vituperare
1302 748 1359 794 uec
1380 730 1549 796 consilium

389 837 474 905 Rulli
495 839 576 924 quod
590 839 684 905 fucrit
698 837 895 905 dissimulare
909 838 1089 926 poterimus.
1118 839 1258 922 Alteram
1272 860 1397 921 causam
1412 841 1549 911 Xvirum

387 972 443 1037 per
463 951 673 1038 septendecim
699 951 799 1017 tribus
827 950 1030 1018 creandorum
1057 951 1138 1016 hanc
1164 939 1260 1019 luisse
1289 952 1434 1036 arbitror,
1463 954 1548 1040 quod

389 1062 502 1128 Rullus
524 1084 575 1130 eos
597 1064 761 1131 universae
775 1063 869 1150 plebi,
892 1083 955 1130 non
976 1063 1066 1129 certis
1081 1063 1390 1149 tribubus'quarum
1412 1066 1547 1132 benevo-

197 1184 199 1189 ’
267 1228 270 1232 .
389 1174 519 1241 lentiam
540 1176 706 1263 promissis
715 1176 862 1242 emercati
876 1181 991 1258 esseut,
1014 1174 1172 1243 consulare
1193 1175 1325 1242 volebat
1358 1177 1439 1243 Nam
1462 1178 1546 1263 quod

387 1288 491 1358 Cicero
512 1294 587 1355 orat
608 1290 648 1371 II,
672 1291 706 1368 1,
730 1291 770 1354 19
793 1309 854 1371 eos,
877 1289 932 1374 qui
953 1289 1065 1375 poprdo
1083 1307 1196 1372 agros,
1210 1284 1398 1372 assignaturi
1430 1297 1546 1374 essent,

386 1400 432 1467 ait
453 1406 589 1488 oportere
611 1401 694 1487 ipsos
709 1407 781 1466 ante
803 1400 949 1487 apopulo
971 1401 1107 1487 accipere
1128 1400 1322 1485 beneficium,
1345 1402 1453 1471 dubito
1470 1424 1544 1471 ,ma-

387 1534 518 1599 gnopere
546 1532 588 1582 an
609 1514 701 1599 aequi
722 1513 839 1584 iudices
861 1513 1053 1579 laudandum
1075 1534 1143 1580 esse
1164 1518 1290 1600 putent,
1318 1515 1372 1599 qui
1398 1535 1468 1598 eos,
1490 1517 1547 1602 qui

387 1624 512 1691 idoneos
541 1625 684 1692 homiues
712 1627 747 1691 in
775 1625 857 1710 agris
879 1604 1068 1692 collocaturi·
1081 1626 1162 1709 sint,
1191 1626 1230 1692 ab
1258 1629 1343 1710 omni
1370 1628 1469 1712 gratia
1488 1635 1547 1696 aut

311 1739 315 1746 ’
375 1737 524 1830 ι,1119111119
538 1742 594 1804 aut
607 1737 766 1804 referenda
786 1737 900 1809 liberos
921 1760 986 1805 esse
1002 1744 1138 1826 oportere
1153 1739 1342 1806 existiment.
1376 1739 1423 1804 Er
1438 1740 1546 1806 eodem

389 1870 498 1932 genere
520 1853 595 1914 suut
614 1849 744 1936 reliqua,
766 1869 845 1934 quac
866 1849 902 1915 in
923 1850 1056 1916 comitiis
1070 1851 1204 1916 Xvirum
1219 1851 1330 1920 Cicero,
1345 1838 1546 1937 reprehendit
1582 1899 1588 1907 .

296 1950 297 1953 '
388 1966 463 2025 orat
484 1960 524 2044 ll,
546 1962 566 2026 8
589 1963 672 2027 619.
717 1959 797 2027 Nam
819 1960 901 2046 quod
922 1962 989 2047 ipse
1012 1961 1123 2026 Rullus
1145 1961 1278 2028 comitiis
1299 1983 1439 2047 praeesse
1461 1965 1545 2050 cogi-

385 2072 487 2155 tabat,
508 2072 592 2137 idem
612 2073 648 2140 iu
669 2071 777 2160 ceteris
799 2072 920 2157 legibus
941 2073 1038 2139 luisse
1060 2078 1160 2139 orator
1179 2074 1333 2154 concedit3
1363 2076 1444 2160 quod
1465 2076 1546 2142 Xvir

388 2183 456 2248 fieri
477 2185 609 2268 volebat,
631 2185 658 2250 si
672 2206 727 2271 per
741 2185 824 2270 leges
846 2185 997 2270 quasdam
1011 2205 1073 2251 nou
1087 2184 1200 2251 licebat
1221 2186 1272 2270 (aa
1287 2186 1422 2252 dubitari
1438 2194 1546 2257 tamen

386 2302 490 2382 potest
511 2319 553 2363 an
573 2297 721 2382 licuerit),
744 2297 778 2364 Ο.
791 2297 993 2375 Caesareana
1016 2298 1051 2362 in
1072 2299 1233 2365 consulatu
1247 2299 1409 2365 XXuirum
1430 2288 1547 2366 honore

389 2410 555 2493 abstinuit,
584 2411 637 2476 sed
660 2410 788 2476 Gracchi
813 2431 871 2476 sua
897 2410 964 2494 lege
979 2410 1146 2497 imprimis
1172 2411 1433 2494 fuerautlllvir13
1462 2415 1546 2498 quod

386 2523 722 2609 praesentes-profiteri
743 2523 884 2606 iubebat,
914 2543 976 2590 non
1002 2523 1173 2610 ascriptum
1193 2523 1273 2589 illud
1299 2525 1425 2608 quidem
1446 2525 1545 2590 iniis

387 2635 508 2720 legibus
530 2640 605 2717 erat,
628 2657 715 2720 quae,
729 2635 766 2699 de
788 2634 919 2699 aliorum
940 2635 1179 2719 magistratuum
1204 2635 1336 2702 comitiis
1359 2642 1460 2718 erant,
1489 2639 1546 2702 sed

386 2753 477 2830 certe,
489 2768 528 2811 ne
542 2736 797 2819 continuarentur
810 2736 1020 2831 magistratus,
1036 2747 1113 2831 legis
1127 2748 1228 2814 instar
1242 2753 1323 2813 erat:
1338 2769 1395 2812 nec
1410 2750 1546 2835 prolecto

387 2860 415 2925 si
437 2860 493 2925 Cn.
516 2859 700 2945 Pompeium
720 2858 755 2924 in
776 2857 881 2948 Xviris
904 2880 971 2925 esse
987 2860 1120 2944 uolebat,
1142 2859 1176 2924 id
1196 2881 1259 2925 nou
1282 2861 1396 2946 optimo
1418 2860 1547 2927 consilio

386 2971 497 3053 noluit,
519 2956 575 3056 oui
596 2971 624 3037 si
644 2972 744 3036 factus
767 2977 871 3055 esset,
885 2971 1127 3058 suisimprimis
1149 2972 1302 3037 militibus
1329 2972 1545 3057 consuluisset,

367 3089 499 3151 caseos
521 3085 603 3149 cives
624 3083 820 3167 neglexisset.
1222 3139 1225 3143 .
1257 3130 1259 3134 a

419 3227 422 3231 ·
471 3195 518 3260 De
539 3198 688 3280 potestate
705 3195 852 3277 'Xuirum
876 3215 970 3279 quem
984 3195 1095 3262 Rullus
1117 3195 1302 3281 praetoriam
1321 3216 1386 3260 esse
1408 3195 1546 3280 iubebat,

385 3306 523 3373 multum
544 3307 687 3392 queritur
706 3306 825 3390 Cicero,
854 3306 909 3370 scd
931 3308 1070 3392 queritur
1091 3327 1154 3373 nou
1176 3306 1291 3373 iustius
1318 3328 1412 3392 quam
1434 3307 1473 3372 de
1494 3331 1546 3375 co-

384 3418 492 3485 mitiis.
536 3417 618 3484 Nam
639 3419 789 3504 praetorio
811 3419 878 3483 iure
901 3418 1044 3484 solebant
1068 3439 1139 3497 cum
1161 3419 1292 3504 agrarii,
1321 3418 1545 3488 tumeliarum

387 3530 540 3598 similium
561 3552 666 3596 rerum
687 3537 841 3598 curatores
863 3551 944 3597 osse:
973 3530 1010 3596 de
1031 3531 1097 3614 lege
1119 3532 1239 3597 curiata
1260 3531 1317 3600 hoc
1339 3552 1439 3596 unum
1459 3532 1545 3599 vitu-

386 3650 477 3731 perat
495 3641 549 3709 ille
571 3644 674 3709 ornari
695 3665 732 3710 ea
746 3644 886 3708 homines
902 3642 1001 3721 nullis
1014 3644 1147 3709 comitiis
1168 3645 1274 3726 factos,
1295 3648 1333 3709 ut
1347 3643 1453 3708 eadem
1468 3643 1546 3709 alios

357 3767 361 3773 '
385 3763 539 3822 curatores
559 3776 631 3823 usos
654 3777 720 3821 esse
747 3755 968 3840 intelligamus.
1014 3756 1096 3820 Tum
1118 3755 1155 3820 de
1178 3755 1323 3842 auspiciis
1350 3761 1545 3821 ornamento·

328 3933 332 3940 ,
385 3889 446 3953 que
479 3857 598 3953 reliquo
631 3868 738 3933 eadem
770 3868 875 3934 omnia
902 3888 973 3932 cum
1001 3868 1083 3954 apud
1112 3869 1188 3933 ulios
1216 3872 1284 3931 tum
1312 3868 1395 3954 apud
1419 3868 1545 3934 Illviros

386 3979 582 4066 Sempronius
603 3980 699 4045 fuisse
712 3981 836 4049 fatetur.
869 3979 978 4044 Unum
999 3979 1079 4045 illud
1092 3981 1221 4046 fortasse
1236 3985 1440 4061 novum'euat,
1462 3980 1545 4063 quod

387 4091 593 4178 quinquennii
604 4096 741 4177 potestas
752 4091 899 4170 dabatur3
919 4091 1024 4156 IHviri
1036 4091 1160 4176 quidem
1171 4091 1346 4178 Sempronii
1356 4091 1485 4157 dubium
1496 4097 1546 4156 est

387 4224 428 4269 an
442 4203 541 4269 annui
554 4203 673 4269 fuerint
686 4203 780 4290 (App.
796 4202 867 4268 bell.
879 4202 938 4268 civ.
952 4203 978 4285 l,
994 4203 1038 4288 9).
1067 4204 1111 4268 Α1
1133 4203 1188 4268 alii
1210 4209 1364 4270 curatores
1379 4209 1459 4267 certe
1473 4203 1545 4289 plus

269 4394 272 4398 Α
387 4336 479 4401 quam
503 4315 601 4380 annui
623 4321 711 4382 erent
725 4337 761 4381 ac
782 4315 953 4380 didicerant
970 4319 1049 4380 tunc
1066 4315 1199 4381 Romani
1221 4306 1333 4382 annuis
1356 4315 1546 4398 magistrati-

385 4429 444 4492 bus
466 4425 547 4490 nihil
568 4426 674 4510 magni
696 4427 761 4510 geri
782 4446 871 4513 posse
893 4426 1023 4514 ideoque
1045 4447 1116 4492 cum
1138 4428 1220 4512 aliis,
1243 4433 1311 4494 tum
1326 4427 1382 4490 Cu.
1399 4426 1545 4512 Pompeio

386 4537 592 4623 complurium
613 4559 766 4605 annorum
787 4538 953 4624 imperium
975 4538 1167 4604 detulerant:
1189 4560 1246 4603 nec
1268 4544 1314 4605 tot
1333 4537 1469 4603 colonias
1491 4538 1545 4602 de-

387 4649 468 4732 duci,
490 4654 537 4721 tot
557 4670 645 4742 agros
667 4651 781 4722 eterni
803 4656 835 4750 et
855 4650 962 4718 venire
984 4651 1120 4737 potuisse
1144 4672 1248 4717 annuo
1276 4651 1374 4736 spatio
1396 4649 1544 4716 dissimu-
