3550 5492
770 596 1004 661 -174-

310 779 357 818 suo
375 763 482 825 teuent,
507 761 583 829 idque
601 763 628 813 et
644 761 716 828 origo
738 763 765 813 et
786 763 878 812 natura
895 758 950 811 eius
967 756 1159 811 consuetudinis
1181 756 1305 826 postulat.
1329 755 1390 811 Sed
1406 773 1452 812 cun

308 850 362 903 bini
380 848 498 902 consules
515 848 542 899 in
559 847 656 914 regiam
677 847 834 914 potestatem
852 844 1049 908 successissent,
1070 843 1133 911 quid
1155 842 1253 895 factum
1276 858 1335 896 esse
1360 843 1455 896 arbitra·

309 939 382 987 mur?
416 933 508 986 Utrum
525 932 620 1000 singuli
638 932 670 984 de
687 945 734 984 sno
751 931 858 999 quisque
879 930 988 998 imperio
1008 928 1138 992 ferebant,
1161 943 1193 980 an
1216 928 1272 981 bini
1290 929 1454 983 coniunctim?

310 1020 402 1072 Primis
411 1020 536 1072 libertatis
548 1017 706 1086 temporibus
719 1017 780 1085 qnid
796 1016 852 1069 fieri
869 1015 1006 1079 consuerit,
1025 1029 1075 1068 non
1088 1013 1205 1079 traditur,
1216 1012 1263 1066 sed
1274 1017 1367 1081 postea
1380 1013 1456 1067 adnlts

309 1105 429 1158 libertate
446 1119 523 1157 unam
534 1105 690 1158 coniunctim
709 1103 741 1156 de
753 1102 903 1157 consulibus
919 1101 998 1154 latam
1015 1115 1071 1154 esse
1088 1100 1181 1168 legem,
1199 1099 1359 1168 exipsorum
1376 1101 1456 1154 berun

311 1189 420 1243 Xuirum
437 1190 546 1254 ratione,
563 1205 642 1257 aqua
654 1188 794 1257 disputatio
812 1191 902 1241 nostra
918 1186 1035 1254 profecta
1051 1188 1099 1249 est,
1118 1185 1301 1254 intelligemus.
1328 1185 1399 1239 Nam
1409 1200 1456 1239 cun

309 1274 396 1327 desem
414 1275 474 1337 sint,
492 1290 568 1327 unam
586 1275 669 1344 legem
686 1275 810 1328 curiatam
828 1271 917 1327 cicero
935 1275 1127 1336 commemorat,
1145 1286 1197 1324 non
1214 1271 1316 1340 plnres3
1340 1273 1380 1324 ait
1400 1271 1457 1325 euim

310 1359 363 1427 lcqc
380 1359 485 1412 cariata
502 1359 599 1412 Xuiros
617 1366 694 1412 errem
706 1362 732 1412 et
749 1375 806 1412 eam
823 1359 904 1427 lcqem
914 1357 988 1425 ferri
1003 1356 1080 1420 iudet,
1098 1360 1126 1409 ut
1142 1372 1194 1409 una
1205 1372 1315 1423 prorsus
1327 1357 1372 1409 lex
1388 1357 1458 1411 omni·

310 1445 358 1498 bus
375 1445 466 1498 Xuiris
484 1445 616 1498 suffecisse
634 1445 758 1506 rideatur,
775 1445 871 1513 quippe
887 1444 932 1513 qui
948 1444 1006 1511 pari
1029 1444 1159 1511 potestate
1182 1457 1212 1495 ac
1233 1443 1292 1511 pari
1308 1432 1372 1497 viure
1389 1442 1458 1496 futuri

308 1534 403 1584 essent.
439 1531 523 1594 Quare
540 1532 608 1600 quod
625 1533 640 1596 ξ
657 1530 692 1584 30
709 1534 750 1584 est
767 1529 912 1583 consulibus
931 1530 1011 1597 legem
1028 1529 1157 1583 curiatam
1168 1527 1316 1595 ferentibus
1333 1529 1374 1582 sic
1390 1528 1458 1583 iuter·

310 1616 475 1683 pretabimur,
493 1619 522 1669 ut
541 1616 615 1668 ambo
634 1615 753 1669 consules
772 1614 928 1668 coniunctim
945 1613 977 1666 de
999 1612 1106 1681 imperio
1130 1613 1183 1666 suo'·
1199 1612 1291 1665 tulisse
1314 1615 1457 1667 statuamus.

309 1700 361 1754 Sed
379 1701 504 1755 aedilibus
516 1704 543 1754 et
554 1702 733 1770 quaestoribus
751 1701 813 1768 quid
824 1700 920 1754 iactum
936 1702 985 1764 est,
996 1700 1041 1768 qui
1052 1714 1109 1752 cum
1126 1699 1181 1751 iure
1193 1714 1250 1752 cum
1262 1699 1363 1767 populo
1375 1698 1459 1768 agendi

310 1791 438 1852 carerent,
461 1793 549 1841 tamen
567 1788 665 1840 cunata
681 1787 738 1855 lege
761 1803 805 1841 eos
823 1786 953 1840 ornandos
975 1785 1054 1840 fuisse
1071 1785 1195 1839 llessalae
1212 1785 1364 1847 testimonio
1380 1785 1459 1840 docui·

309 1879 383 1927 mus?
416 1873 472 1942 lpsi
491 1875 523 1927 de
540 1889 568 1927 se
586 1875 619 1928 ad
636 1875 760 1943 populum
776 1874 843 1927 ferre
858 1889 912 1927 non
926 1875 1067 1940 poterant,
1086 1871 1133 1927 sed
1150 1871 1287 1940 oportebat
1304 1871 1394 1925 alium.
1427 1871 1458 1924 Ac

312 1959 344 2011 de
361 1959 540 2028 quaestoribus
557 1957 660 2026 quidem
677 1957 806 2025 significat
823 1957 929 2015 Tacitus
946 1956 1014 2011 Ann.
1023 1956 1070 2020 XI,
1083 1956 1117 2010 22
1134 1956 1180 2009 sed
1196 1962 1345 2022 quaestores
1362 1955 1459 2024 raptim

309 2045 387 2097 etiarn
406 2052 458 2097 turra
475 2042 662 2113 imperantibus
678 2043 793 2096 insutati
808 2049 876 2106 suut,
895 2042 970 2109 quod*
980 2043 1022 2095 lea
1039 2042 1143 2102 cuncta
1161 2041 1271 2098 ostendit
1289 2041 1323 2095 ah
1340 2041 1372 2096 L.
1383 2041 1459 2095 Brea

310 2131 429 2198 repetita,
446 2130 590 2196 mansitque
608 2127 755 2181 censalibus
765 2134 882 2197 potrum
900 2127 1042 2196 deliqendi,
1059 2127 1139 2181 donec
1156 2143 1212 2180 earu
1230 2143 1330 2195 quaque
1345 2127 1459 2181 sonata

305 2215 419 2283 popalus
435 2214 580 2267 madores.
623 2212 701 2266 Unde·
718 2213 850 2268 usuum·
862 2214 936 2267 initio
953 2213 1079 2268 libertatis
1101 2214 1293 2283 quaestoribus,
1314 2213 1459 2281 quamuisa

309 2300 458 2353 consulibus
476 2299 660 2367 deligerentur,
683 2303 770 2352 tamen
786 2301 958 2354 necessariam
976 2315 1034 2354 esse
1053 2301 1136 2354 risam
1153 2301 1235 2370 legem
1257 2301 1399 2364 curiatam,
1420 2313 1460 2352 nec

312 2386 367 2438 eius
386 2387 552 2454 magistratus
568 2386 643 2449 ratio,
660 2389 797 2454 postquam
820 2387 931 2441 comitiis
948 2385 1006 2439 fieri
1022 2387 1122 2454 coepit,
1145 2389 1244 2461 mutata
1261 2389 1309 2439 est.
1348 2385 1404 2441 Sed
1424 2386 1459 2437 lex

310 2470 417 2534 cunata
435 2486 486 2538 qua
502 2471 534 2523 iis
552 2486 618 2540 opus
636 2474 701 2536 erat,
717 2471 848 2526 ferebatur
865 2489 881 2525 a
899 2471 1062 2537 consulibus3
1079 2487 1138 2532 nam
1154 2471 1184 2525 L.
1196 2471 1292 2524 Brutus
1310 2471 1404 2525 consul
1419 2483 1459 2525 sne
1484 2523 1487 2529 ,

309 2555 404 2608 tulerat
421 2559 558 2624 quaestori,
576 2572 624 2610 nec
641 2557 747 2611 dubium
764 2561 822 2622 est,
848 2558 912 2627 quin
938 2558 994 2611 eius
1016 2557 1194 2611 auctoritatum
1216 2556 1338 2629 deinceps
1357 2555 1460 2610 Romani

308 2642 392 2694 secuti
405 2642 464 2695 sint.
491 2640 610 2705 Causam,
628 2657 674 2694 cur
684 2645 842 2711 quaestores,
854 2642 971 2710 quamvis
989 2658 1005 2694 a
1022 2642 1171 2695 consulibus
1187 2640 1286 2706 tierent,
1304 2644 1394 2696 umen
1409 2642 1460 2710 lege

309 2728 408 2780 curiata
425 2729 534 2788 ornandi
551 2743 608 2782 esse
625 2729 781 2794 riderentur,
798 2729 901 2783 ltubino
919 2729 937 2782 Ι.
953 2729 971 2782 l.
989 2744 1015 2798 p.
1033 2727 1086 2782 392
1102 2730 1190 2782 censet
1206 2727 1286 2780 lusisse
1303 2727 1382 2792 hanc,
1398 2726 1461 2796 qued

306 2828 381 2881 reges
403 2829 460 2866 cum
481 2818 582 2882 partem
605 2815 717 2883 aliquam
726 2816 876 2884 :potantia
899 2829 961 2869 suae
982 2812 1159 2878 mandassent,
1185 2814 1263 2866 etiam
1284 2811 1465 2883 hanc„<quam·

307 2898 484 2965 mandassent,
506 2901 540 2954 ab
558 2901 655 2969 populo
673 2901 723 2954 coli
747 2905 823 2970 atque
845 2900 978 2955 observari
995 2899 1101 2964 vellent3
1125 2899 1157 2952 de
1175 2914 1226 2966 quo
1248 2899 1304 2951 iure
1326 2896 1462 2952 mandandi

310 3000 375 3053 quae
388 2985 449 3038 olim
462 2986 556 3039 tradita
567 2990 648 3050 erant,
660 3002 742 3054 nuper
749 2986 881 3054 praeolare
893 2986 957 3054 legis
968 2985 1131 3053 municipalis
1140 2984 1316 3054 Salpensanae
1324 2982 1461 3054 eapxxv

307 3069 458 3123 confirmata
480 3074 549 3127 sunt.
594 3070 677 3124 Nobis
700 3070 804 3138 quidem
826 3085 874 3123 nec
895 3069 960 3125 haec
976 3069 1013 3123 de
1035 3068 1156 3122 mandata
1177 3071 1306 3137 potestate
1328 3071 1461 3132 sententia,

307 3160 432 3224 qnatenus
450 3157 554 3224 quidem
571 3157 604 3210 ad
620 3156 704 3226 legem
721 3157 845 3209 curiatam
862 3156 979 3220 retertur,
997 3156 1060 3208 satis
1071 3154 1196 3223 probatur
1213 3167 1267 3218 neo,
1285 3154 1356 3222 quod
1364 3155 1394 3209 L.
1403 3155 1462 3209 Bru·

307 3245 349 3294 tns
361 3241 539 3309 quaestoribus
557 3256 614 3293 eam
626 3242 693 3305 tulit,
705 3242 881 3295 demonstrare
895 3240 1004 3305 videtur,
1016 3241 1123 3293 eandem
1135 3255 1209 3308 reges
1220 3241 1274 3293 suis
1286 3243 1462 3309 quaestoribus

307 3324 411 3389 tulisse;
424 3341 483 3376 nam
492 3324 561 3392 qued
572 3325 675 3378 Tacitus
690 3342 746 3379 eum
761 3327 896 3394 repetitam
906 3341 962 3379 esse
972 3326 1015 3390 ait,
1025 3326 1277 3394 significatssrutum
1287 3328 1368 3380 semel
1377 3327 1410 3380 de
1418 3342 1461 3382 suo

308 3413 415 3480 imperio
428 3411 526 3476 tulisse,
539 3415 603 3487 turn,
620 3416 757 3482 postquam
768 3416 930 3481 quaestorem
943 3412 1045 3482 delegit,
1062 3413 1156 3466 iterum
1168 3412 1259 3466 tulisse
1277 3412 1309 3465 de
1320 3416 1461 3480 quaestore.

308 3496 448 3561 Nimirum,
466 3499 489 3551 si
506 3499 685 3566 quaestoribus
708 3499 790 3568 legem
813 3499 936 3554 curiatam
960 3502 1067 3553 constat
1078 3499 1158 3552 latam
1180 3514 1237 3552 esse
1255 3498 1287 3551 ab
1305 3499 1462 3561 consulibus,

308 3584 370 3637 item
381 3581 591 3639 existimabimus
609 3585 745 3650 aedilibus,
762 3588 806 3654 qui
823 3582 875 3639 non
891 3586 975 3652 magis
987 3587 1027 3638 ius
1040 3600 1098 3639 curu
1110 3585 1211 3653 pupulo·
1224 3584 1317 3653 agendi
1334 3584 1463 3638 habebant

308 3673 383 3738 atque
407 3686 423 3722 a
445 3671 556 3725 llessala
578 3673 605 3725 in
631 3673 774 3727 minoribns
796 3671 1188 3740 magistratibusnumerantur.
1231 3669 1303 3734 Quid
1324 3674 1411 3725 sutem
1432 3669 1463 3723 de

308 3757 470 3824 praetoribus
483 3761 649 3813 statuemus?
684 3757 802 3828 Collegae
819 3773 864 3812 eos
876 3773 938 3811 esse
957 3760 1059 3812 constat
1075 3757 1225 3820 consulum,
1242 3757 1286 3823 qui
1303 3757 1326 3808 si
1344 3771 1398 3811 nou
1413 3756 1462 3808 sin·

310 3841 363 3909 garli
382 3842 414 3894 de
431 3859 478 3897 suo
489 3845 596 3912 imperio
614 3845 740 3909 ferebant,
756 3847 866 3913 primum
877 3860 930 3898 non
947 3844 1097 3915 singillatim
1115 3842 1146 3895 de
1159 3842 1330 3910 praetoribus,
1347 3841 1396 3895 sed
1407 3855 1464 3894 con·

309 3927 416 3980 iunctim
434 3928 466 3981 de
483 3931 601 3985 omnibns
618 3930 698 3983 latum
716 3945 773 3984 esse
790 3931 946 3994 videbimus;
969 3932 1046 3983 etiam
1063 3930 1113 3982 hoc
1128 3929 1300 3998 intelligemus
1319 3927 1352 3980 ab
1370 3927 1462 3996 proba·

307 4012 407 4066 bilitate
432 4029 485 4066 non
515 4015 664 4080 abhorrere,
689 4032 752 4068 cum
777 4016 809 4068 de
837 4030 885 4069 suo
911 4016 1019 4083 imperio
1044 4015 1153 4078 ferrent,
1179 4013 1298 4069 consules
1325 4013 1402 4066 simul
1423 4016 1462 4066 tu·

291 4097 370 4150 lisso
394 4097 425 4150 de
446 4100 622 4165 praetoribus,
649 4101 703 4153 sire
724 4100 757 4163 ii,
779 4102 823 4167 qui
845 4100 979 4155 consulum
1001 4099 1114 4167 collegae
1131 4103 1224 4163 essent,
1241 4100 1269 4152 iu
1285 4098 1332 4163 iis,
1353 4098 1399 4167 qui
1415 4099 1463 4151 ter·

308 4187 366 4236 rent
385 4184 584 4260 nominabantur
600 4187 686 4254 (atque
707 4186 757 4239 hoc
779 4186 865 4255 magis
884 4186 971 4249 credo)
992 4185 1047 4239 sire
1070 4164 1122 4238 rien
1144 4183 1348 4238 nominabantur.
1401 4182 1462 4237 liiii-

309 4269 402 4332 ciatur,
428 4273 457 4321 nt
478 4286 529 4323 una
546 4273 743 4340 quotannislex
765 4271 796 4324 de
817 4273 925 4341 imperio
946 4273 1060 4325 omnium
1081 4272 1278 4341 magistratuum
1304 4270 1461 4322 coniunctim

309 4352 363 4404 lata
374 4354 417 4406 sit.
441 4354 521 4422 ldque
542 4357 649 4410 sirecte
667 4373 698 4412 ac
717 4359 868 4426 simpliciter
883 4358 1033 4427 explicetur,
1051 4357 1127 4411 docet
1147 4355 1308 4410 hauddubie
1326 4355 1376 4408 llio
1393 4353 1461 4418 XLI,

308 4435 351 4490 43.
386 4437 453 4491 Nam
477 4441 518 4505 inr
532 4441 598 4496 bello
625 4445 694 4497 cirili
711 4444 829 4498 ansmis
854 4460 922 4499 enno
944 4445 979 4498 48
996 4461 1019 4498 a
1043 4443 1115 4509 (ihu,
1141 4460 1200 4497 cum
1222 4443 1317 4497 Caesar
1342 4442 1370 4494 in
1399 4442 1462 4494 urbe

309 4527 337 4576 et
359 4525 477 4579 consules
502 4531 528 4580 et
552 4529 663 4598 reliquos
688 4531 854 4599 magistratus
876 4531 926 4585 rita
949 4530 1057 4596 iacent,
1082 4529 1280 4598 a·Pompeianis
1305 4528 1334 4580 in
1353 4525 1464 4582 Graecia

309 4611 486 4679 versantibus,
507 4617 624 4683 quamuis
647 4619 674 4670 et
690 4615 812 4671 maiorem
829 4619 935 4695 senatus
951 4620 1065 4685 partem,
1089 4618 1119 4671 et.
1131 4615 1216 4671 locum
1233 4613 1355 4682 auspiciis
1373 4627 1463 4669 conse
