3550 5492
804 565 1038 630 -110-

343 731 424 795 dorc.
467 729 507 793 Et
529 749 582 794 vos
604 749 667 794 non
688 727 836 793 dubitatis
859 728 937 813 quin
958 726 1121 811 vectigalia
1140 732 1243 793 vostra
1257 726 1414 810 vendatis,
1436 727 1498 815 plu-

307 896 316 911 ,
343 832 422 897 rimo
444 815 596 894 maiorum
617 821 787 893 vestrorum
810 829 961 912 sanguine
983 836 1015 894 et
1035 830 1145 895 sudore
1167 829 1317 915 quaesita,
1339 835 1379 897 ut
1402 830 1498 897 Sulu-

301 954 335 1006 70
344 956 398 999 nos
420 954 605 1018 possessores
621 931 739 996 divitiis
755 932 903 1014 augeatis,
925 931 1059 1014 periculo
1073 930 1228 996 liberetis?
1261 931 1344 997 Nam
1368 931 1411 997 ad
1426 932 1498 999 hano

343 1037 529 1122 emptionem
551 1035 708 1101 Xviralem
741 1035 801 1098 duo
837 1053 949 1118 genera
982 1054 1124 1117 agrorum
1163 1039 1318 1120 spectant,
1353 1032 1496 1112 Quirites

340 1139 455 1204 Eorum
476 1151 574 1203 unum
596 1142 718 1222 propter
739 1135 892 1201 invidiam
914 1136 1031 1201 domini
1053 1137 1192 1221 fugiunt,
1215 1138 1349 1203 alterum
1378 1137 1496 1225 propter

342 1243 527 1307 vastitatem.
565 1239 713 1305 Sullanus
736 1261 807 1323 agor
828 1261 847 1303 a
869 1239 960 1306 certis
975 1238 1152 1305 hominibus
1167 1240 1319 1306 latissime
1335 1226 1494 1307 continua-

340 1351 391 1409 tus
412 1350 532 1409 tantam
555 1343 648 1407 habet
668 1342 831 1424 invidiam,
853 1349 891 1409 ut
911 1343 977 1409 veri
998 1365 1033 1408 ac
1054 1343 1141 1409 sortis
1163 1344 1281 1409 tribuni
1304 1345 1407 1430 plebis
1429 1346 1493 1413 stri·

340 1449 444 1513 dorem
465 1468 563 1512 unum
581 1441 717 1531 ‘perferre
732 1466 794 1510 non
815 1447 924 1532 possit.
958 1446 1018 1510 Hic
1040 1438 1111 1528 ager
1125 1447 1384 1532 omnis,.quoquo
1404 1449 1494 1534 pretio

341 1556 462 1635 emptus
490 1550 565 1630 erit,
588 1554 692 1613 temen
714 1547 834 1631 ingenti
862 1547 995 1635 pecunia
1021 1547 1109 1612 nobis
1136 1547 1309 1641 inducetur.
1355 1549 1492 1616 Alterum

339 1673 436 1735 genus
451 1671 594 1735 agrorum
614 1654 737 1735 propter
757 1649 952 1716 sterilitatem
966 1651 1129 1732 incultum,
1144 1655 1268 1737 propter
1287 1652 1492 1737 pestilentiam

339 1761 462 1819 vastum
484 1759 575 1837 atque
597 1752 752 1818 desertum
774 1758 893 1818 emetur
914 1753 952 1815 ab
974 1750 1029 1832 iis,
1053 1751 1106 1834 qui
1129 1770 1178 1815 eos
1200 1751 1308 1817 vident
1336 1753 1400 1819 sibi
1424 1775 1490 1836 esse,

339 1857 367 1920 si
389 1876 451 1920 non
474 1855 679 1935 vendiderint,
702 1851 928 1937 relinquendos.
979 1854 1020 1918 Et
1047 1853 1196 1919 nimirum
1218 1853 1302 1919 idem
1330 1863 1396 1939 est,
1419 1857 1491 1942 quod

339 1959 377 2023 ab
400 1959 456 2023 hoc
487 1957 729 2042 tribunoplebis
758 1955 875 2056 dictum
903 1963 949 2023 est
976 1957 1010 2021 in
1038 1963 1163 2040 senatu,
1197 1958 1350 2023 urbanam
1377 1960 1490 2045 plebem

429 2199 460 2239 ¹10.
471 2199 542 2248 pretio
555 2201 668 2248 coemptus.
681 2217 707 2228 -
720 2199 822 2240 sinerum
835 2201 859 2240 td
871 2205 910 2241 est.

337 2390 399 2453 lore,
410 2388 513 2460 frangi,
531 2393 706 2458 succumbere,
724 2393 838 2464 opprimi
854 2405 914 2444 vero
932 2393 958 2443 et
975 2405 1111 2460 oppressus
1129 2406 1205 2458 saepe
1223 2391 1259 2444 sic
1277 2389 1384 2456 dicitur,
1408 2391 1489 2461 quidni

336 2473 361 2526 h.
380 2474 395 2526 l.
411 2477 601 2544 promessionem
623 2479 760 2532 latitudine
783 2478 926 2551 cogitetur?
966 2474 1018 2527 Sed
1041 2474 1109 2543 quod
1133 2479 1173 2528 est
1194 2491 1242 2527 suu
1261 2475 1329 2544 lepe,
1351 2492 1488 2544 pronomen

336 2556 465 2614 adiectum
485 2578 515 2615 ae
531 2565 706 2632 praeposItum
725 2566 764 2616 est
781 2561 940 2625 necessario,
964 2562 993 2613 ut
1010 2560 1043 2612 ab
1061 2560 1118 2614 aliis
1140 2559 1254 2629 legibus,
1271 2575 1304 2612 ex
1321 2562 1418 2628 quibua
1435 2561 1488 2615 reti·

335 2653 395 2700 nere
413 2649 578 2715 condiceret,
596 2651 803 2719 distingueretur.
841 2647 955 2702 Cbudcre
968 2648 1108 2716 pecuniam
1126 2647 1209 2701 estin
1229 2647 1344 2701 futurum
1362 2662 1440 2703 usum
1455 2662 1488 2700 re

334 2740 437 2799 ponere,
454 2739 484 2789 ut
501 2735 604 2804 quando
622 2751 687 2805 opus
705 2736 747 2800 sit,
765 2733 908 2803 depromat.
1128 2714 1132 2737 ⁸

420 2856 461 2909 70.
480 2862 604 2925 spectaret.
644 2858 729 2927 Agros
753 2857 826 2926 quasi
847 2857 963 2908 viventes
986 2854 1095 2919 inducit,
1118 2857 1247 2924 tamquam
1270 2853 1322 2922 ipsi
1346 2854 1379 2908 ab
1403 2853 1486 2909 Xriris

334 2944 384 2996 emi
401 2943 496 3008 velint,
518 2945 564 2998 sed
582 2947 610 2998 in
626 2947 758 3015 vulgarem
779 2960 854 2998 usum
871 2945 934 2997 hace
951 2942 1137 3017 προςωποποιΐα
1156 2943 1226 2996 abiit.
1244 2971 1277 2980 -
1290 2933 1419 2994 tutissime
1435 2956 1485 2998 cor·

334 3031 462 3094 tiouutus,
480 3036 509 3084 ut
532 3031 667 3084 latifundia
690 3031 844 3094 existerent,
870 3031 963 3100 quibus
992 3030 1090 3098 perisse
1117 3029 1217 3082 Italiam
1246 3028 1336 3082 scribit
1353 3026 1422 3081 Plin.
1439 3028 1484 3079 net

332 3115 391 3169 hist
411 3116 507 3181 XVIII,
525 3115 567 3169 35.
602 3115 658 3167 Nee
675 3117 775 3168 tantum
792 3109 995 3183 proscriptorum
1015 3115 1083 3168 bona
1105 3113 1212 3166 emendo
1231 3127 1308 3182 agros
1326 3113 1483 3166 coadunare·

332 3205 398 3266 rant,
417 3201 463 3254 sed
480 3200 558 3253 stiam
575 3198 724 3253 colonorum
736 3199 900 3253 Sullanorum
918 3203 999 3252 sortes
1018 3202 1107 3252 contra
1123 3198 1215 3268 legam,
1232 3213 1298 3266 quae
1315 3196 1406 3252 vedire
1423 3200 1482 3251 ven-

334 3286 387 3350 bat,
406 3289 552 3340 coemerent
569 3286 612 3350 (ot.
624 3285 693 3338 intra
704 3287 718 3351 ξ
729 3285 786 3350 78);
804 3301 868 3354 quae
887 3289 971 3338 tamen
989 3288 1081 3349 sortes,
1098 3286 1159 3352 quia
1176 3284 1202 3337 vi
1220 3284 1368 3337 ciuitatibus
1388 3285 1482 3353 ereptis

334 3376 415 3434 erant,
433 3387 485 3425 non
502 3372 587 3425 minus
605 3386 681 3438 quam
698 3371 899 3440 proscriptorum
918 3371 993 3445 bona,
1007 3370 1159 3424 laborabant
1170 3369 1274 3422 Invidia.
1292 3395 1326 3406 -
1344 3368 1481 3429 stridorem,

332 3456 446 3522 sibilum,
464 3458 538 3526 quasi
557 3458 588 3511 de
606 3461 725 3526 serpente
743 3457 847 3522 dietum,
865 3458 909 3527 qui
927 3460 1063 3526 antequam
1081 3456 1231 3525 prorumpit,
1249 3455 1343 3509 stridit.
1377 3452 1426 3508 nu
1440 3452 1481 3521 igi-

331 3546 372 3596 tur
389 3559 435 3612 pro
453 3545 538 3598 minis.
575 3544 648 3609 Quod
667 3548 751 3598 autem
770 3545 885 3614 soquItur
903 3545 1048 3607 traducetur,
1065 3545 1127 3598 item
1145 3546 1186 3597 est
1202 3542 1269 3596 inira
1286 3539 1346 3607 §98
1356 3548 1395 3606 ¹ut
1411 3540 1480 3595 sium

326 3629 427 3697 purtim
448 3629 589 3683 invidiosos
613 3647 691 3699 apros
712 3647 729 3682 u
746 3627 865 3683 Sullanis
878 3628 1082 3699 possessoribus,
1101 3629 1203 3698 purtim
1225 3627 1339 3681 desertos
1361 3643 1395 3680 uc
1407 3622 1480 3695 pesti·

331 3715 409 3768 Iertes
426 3733 443 3768 u
460 3716 552 3770 uerbis
569 3715 723 3770 accessoriis
740 3723 765 3786 et
776 3725 799 3768 'a
819 3715 942 3769 vobismet
960 3715 1025 3785 ipsis
1043 3721 1139 3784 emptos
1159 3714 1255 3784 populo
1272 3712 1392 3766 summ
1413 3710 1480 3766 seue

330 3800 430 3865 ceretis,
448 3801 558 3869 plenius,
576 3805 605 3854 ut
622 3802 694 3870 origo
713 3818 742 3855 ac
758 3803 886 3855 sententia
903 3800 1069 3870 intelligatur,
1086 3802 1113 3854 in
1127 3793 1204 3855 'Vera
1216 3800 1237 3864 l,
1246 3798 1288 3863 41,
1308 3797 1357 3851 loo
1378 3797 1480 3851 Teura

327 3887 465 3954 pecuniam
482 3887 604 3956 praetori
625 3887 650 3939 si
674 3914 707 3924 -
733 3887 870 3951 dedisceret,
892 3887 1017 3957 praedem
1035 3887 1204 3956 praesertim,
1225 3884 1437 3953 quemadmodum
1455 3883 1480 3935 iu

328 3972 456 4025 rationem
473 3972 631 4037 traducerent,
649 3989 700 4024 mou
716 3972 844 4025 uidebant.
879 3973 934 4026 Nee
957 3987 1017 4025 vero
1036 3971 1197 4026 scribendum
1219 3973 1259 4024 est
1275 3977 1407 4040 comaptus
1423 3968 1480 4030 erit,

330 4072 407 4110 onum
426 4058 492 4110 enim
511 4058 538 4110 id
562 4059 628 4127 agIt‚
645 4061 674 4110 ut
696 4059 800 4111 mInimo
823 4059 915 4111 emisse
936 4073 1100 4128 possessores
1124 4058 1206 4122 dicat,
1228 4057 1338 4126 plurimo
1361 4056 1480 4117 rendere3

329 4158 407 4209 quare
425 4143 492 4210 quod
509 4143 536 4195 in
554 4144 651 4211 optimo
668 4143 730 4214 Lag.
749 4145 765 4197 9
783 4148 823 4201 est
841 4151 939 4214 eruptus
958 4145 1009 4196 erit
1024 4145 1142 4214 praetuli.
1163 4172 1197 4182 -
1218 4142 1257 4195 Et
1272 4135 1397 4196 mimirum
1418 4141 1481 4195 idem

330 4235 377 4281 cst.
413 4229 457 4282 Sic
475 4230 553 4282 scribi
575 4231 664 4298 utique
690 4233 717 4283 et
738 4231 853 4300 postulat
874 4229 992 4284 codicum
1018 4232 1157 4285 auctoritas
1183 4232 1208 4282 et
1224 4229 1323 4297 patitur
1348 4226 1480 4282 sententia

329 4313 385 4366 Hoc
403 4315 471 4367 enlm
489 4315 563 4367 dicit:
581 4316 623 4368 Ad
646 4316 752 4370 eandem
776 4333 843 4382 rem,
866 4320 896 4370 ut
917 4318 944 4370 in
964 4318 1113 4386 pestilentes
1136 4332 1212 4387 agros
1235 4314 1336 4384 plebem
1358 4312 1480 4366 deducam

329 4399 418 4462 redut,
436 4403 548 4468 pertIuot
559 4403 616 4467 hoc,
634 4404 703 4472 quod
720 4419 776 4456 eam
789 4403 855 4457 dixit
867 4420 924 4458 esse
936 4404 1146 4479 exhauriendam:
1164 4405 1234 4474 prior
1252 4416 1330 4455 eausa
1348 4400 1405 4465 tuit,
1416 4396 1482 4468 quod

327 4484 503 4554 pestilentium
521 4503 640 4556 agrorum
659 4505 821 4558 possessores
839 4491 949 4543 maxime
967 4491 1076 4544 vendere
1093 4491 1181 4544 volent
1191 4488 1338 4555 Xvirosque
1355 4489 1387 4539 ut
1398 4484 1482 4538 emant

327 4571 436 4639 pecunia
455 4574 601 4628 movebunt.
637 4575 712 4640 Quod
733 4580 816 4630 autem
835 4574 963 4644 antecedit
986 4584 1083 4630 emetur
1099 4575 1131 4628 ud
1148 4576 1183 4628 iis
1200 4565 1274 4629 esti.
1293 4568 1481 4640 gomatruda

325 4655 372 4722 tis3
390 4660 497 4728 utraque
514 4661 581 4714 enim
600 4663 699 4717 ratione
717 4662 820 4743 didtur,
853 4662 892 4716 cf.
911 4662 926 4729 ξ
944 4663 985 4729 98,
1002 4678 1077 4733 qusm
1095 4661 1179 4716 locum
1196 4662 1272 4717 modo
1290 4656 1437 4713 citavimus.
1449 4680 1481 4693 -
