3550 5492
863 592 1076 657 ..18-

395 753 472 838 quin
500 751 681 836 gravissime
708 758 739 816 et
760 754 920 817 verissime
948 754 1092 838 conqueri
1120 751 1231 837 possit,
1260 770 1315 815 nos
1340 733 1435 835 ceput
1457 749 1553 834 patri-

394 857 492 921 monii
514 854 646 940 publici,
668 854 908 939 pulcherrimam
929 855 1035 941 populi
1058 854 1189 918 Romani
1211 853 1451 938 possessionem,
1482 851 1553 915 sub-

396 1065 474 1118 debet
490 1063 626 1118 contemni.
653 1062 738 1127 Quare
756 1063 824 1131 apud
842 1050 906 1116 alios
925 1063 1073 1130 scripturae,
1090 1063 1161 1114 velut
1179 1061 1247 1128 apud
1264 1060 1373 1125 Livium,
1390 1061 1471 1128 prout
1489 1057 1553 1111 codi-

395 1167 453 1204 cum
470 1150 534 1203 fides
552 1149 680 1218 postulat,
698 1164 766 1212 nunc
785 1149 860 1201 modo
884 1150 1043 1212 deminuere,
1066 1148 1143 1201 modo
1167 1147 1310 1200 diminuere
1333 1147 1413 1213 scribi
1435 1148 1553 1213 coeptum

394 1240 442 1289 θεῖ.
478 1235 543 1287 Vide
561 1234 594 1286 ad
611 1233 643 1298 ll,
662 1235 674 1286 1
695 1236 720 1286 11
736 1233 813 1299 XXI,
832 1233 872 1288 17.
903 1233 991 1302 Neque
1009 1233 1072 1286 mihi
1089 1234 1155 1286 ratio
1174 1234 1232 1301 ipsa
1249 1249 1280 1286 ac
1298 1231 1440 1285 similitudo
1453 1230 1553 1283 Ouden-

395 1322 545 1390 dorpiunam
554 1319 668 1388 regulam
681 1320 744 1373 satis
754 1321 890 1373 videbatur
902 1321 977 1374 tueri.
1008 1319 1074 1373 Nam
1083 1323 1186 1388 utquae
1201 1318 1318 1371 similiter
1332 1317 1480 1386 composita
1489 1320 1553 1380 sunt,

395 1406 580 1474 comparemus
598 1405 729 1459 discedere
747 1407 797 1459 etsi
815 1407 899 1459 estin
916 1407 1002 1459 varias
1019 1409 1107 1474 partes
1118 1406 1243 1474 separari,
1260 1421 1312 1458 non
1328 1405 1413 1457 minus
1427 1402 1554 1472 significat

394 1494 494 1562 seiungi
512 1495 544 1546 ab
563 1494 656 1562 aliquo:
675 1493 803 1545 dimittere
821 1507 872 1545 non
884 1495 985 1546 tantum
1002 1496 1042 1545 θεῖ
1053 1492 1243 1547 multitudinem
1261 1491 1400 1554 discedere,
1413 1489 1460 1542 se‘d
1477 1489 1552 1541 etiam

336 1646 341 1656 Ι
393 1595 472 1632 unum
490 1579 600 1647 aliquem
617 1578 735 1632 secedere
753 1579 849 1643 iubere,
867 1577 1027 1631 diducuntur
1048 1581 1074 1631 et
1092 1577 1273 1643 distrahuntur
1295 1590 1346 1628 non
1368 1575 1445 1627 modo
1466 1575 1551 1642 plures

394 1666 421 1718 in
439 1665 553 1718 diversas
571 1666 667 1733 partes,
685 1663 825 1716 sedetiam
842 1663 938 1732 singuli
955 1664 989 1716 ab
1006 1662 1123 1730 singulis.
1153 1661 1190 1715 (11.
1209 1661 1241 1714 de
1259 1661 1345 1714 verbis
1363 1659 1515 1713 dimouendi
1530 1663 1554 1710 et

395 1751 545 1804 demerendi
566 1765 612 1803 nos
632 1749 664 1801 ad
682 1748 734 1802 Cic.
752 1744 782 1816 p.‘
796 1750 861 1803 Mur.
879 1749 927 1815 38,
946 1749 987 1802 82.
1023 1749 1074 1802 Gur
1096 1750 1175 1819 igitur
1194 1749 1336 1800 diminuere
1354 1747 1391 1800 sit
1407 1748 1511 1798 tantum
1527 1745 1553 1796 in

394 1837 543 1888 minutiores
560 1838 648 1903 partes
667 1833 809 1900 dissipare?
837 1833 917 1886 Immo
936 1833 1050 1887 nondum
1067 1833 1147 1886 ullum
1166 1835 1263 1885 certum
1282 1833 1337 1884 eius
1356 1829 1553 1898 significationis

395 1919 479 1972 locum
497 1935 538 1970 me
554 1918 684 1971 invenisse
702 1917 793 1981 fateor,
811 1933 841 1970 ac
859 1918 1029 1977 comminuere
1041 1917 1127 1985 potius
1146 1931 1203 1968 esse
1216 1930 1318 1979 censeo,
1336 1915 1404 1983 quod
1421 1915 1463 1967 illi
1483 1915 1554 1967 dirri-

394 2020 548 2064 nuerecsse
566 2004 663 2058 volunt.
699 2004 737 2056 Ac
755 2020 908 2072 quamquam
927 2003 1032 2057 difficile
1053 2006 1095 2056 est
1111 2003 1143 2055 de
1161 2002 1279 2055 codicum
1297 2002 1465 2065 auctoritate,
1491 2016 1554 2069 quae

395 2078 911 2159 1111111111111111111111111111,
938 2094 1067 2156 statuere,
1096 2090 1201 2158 saepius
1224 2089 1287 2142 adeo
1315 2089 1384 2158 apud
1401 2087 1553 2160 Ciceronem

396 2177 539 2230 dirnirmera
556 2179 663 2246 reperiri
679 2179 789 2232 arbitror
807 2196 882 2248 quam
902 2179 1047 2231 (1111111111
1053 2199 1061 2242 ;
1079 2178 1167 2230 inille
1185 2177 1258 2251 enim!
1270 2177 1352 2228 maior
1369 2174 1496 2243 quaedam
1515 2173 1555 2225 de·

395 2261 481 2314 mendi
497 2262 552 2314 sive
570 2263 739 2332 disiungendo
757 2264 890 2316 minuendi
908 2265 947 2316 vis
965 2264 1067 2316 ridetur
1084 2277 1149 2316 esse.
1184 2260 1273 2329 Itaque
1291 2262 1317 2313 in
1335 2263 1399 2313 orat.
1418 2261 1455 2324 ΙΙ,
1474 2261 1504 2325 6,
1525 2258 1555 2311 lt

396 2346 522 2399 libertatis
541 2348 676 2400 diminutio
702 2348 769 2419 haud
794 2348 872 2401 dubia
896 2347 1012 2400 ecdicum
1034 2346 1166 2399 meliorum
1189 2344 1341 2397 auctoritate
1363 2343 1555 2397 commendatur

396 2435 471 2500 atque
489 2435 602 2486 omnium
620 2435 697 2486 etiam
716 2434 870 2487 deteriorum
894 2431 1021 2487 consensu
1042 2433 1151 2485 fortasse
1169 2432 1354 2500 postularetur,
1376 2431 1426 2483 nisi
1443 2431 1462 2482 ii
1482 2431 1555 2483 aliter

394 2523 553 2586 peccassent
589 2518 654 2571 Nam
672 2519 698 2571 in
716 2518 771 2571 Cat.
789 2518 833 2583 lll,
854 2519 893 2582 10,
906 2519 940 2571 24
958 2525 1056 2585 quanta
1074 2504 1243 2570 diminutione
1260 2517 1363 2579 ciuium,
1382 2513 1494 2582 119111.
1505 2515 1554 2579 2,5

392 2619 458 2671 pars
476 2604 566 2670 aliqua
583 2602 649 2654 iuris
667 2603 803 2666 diminuta,
815 2603 878 2656 ibid.
888 2601 930 2667 13,
940 2601 974 2655 38
986 2602 1010 2653 si
1026 2602 1082 2653 ulla
1100 2608 1224 2670 exparte
1242 2600 1369 2653 sententia
1386 2599 1554 2653 1111111111-

395 2689 461 2741 dicti
477 2689 605 2742 diminuta
623 2697 670 2742 aut
686 2691 819 2757 infirmata
836 2691 878 2753 sit,
896 2706 921 2759 p.
940 2689 1004 2743 Sull.
1023 2688 1065 2754 20,
1083 2689 1116 2743 56
1129 2689 1251 2758 praediis
1269 2687 1403 2740 diminutis
1421 2686 1469 2751 (sie
1487 2687 1554 2738 enim

396 2789 484 2827 omnes
502 2772 695 2847 Lagomarsiani
712 2774 771 2827 libri
788 2774 894 2838 habent)
912 2775 956 2828 vix
973 2774 1041 2826 ullus
1058 2777 1099 2827 est
1116 2773 1231 2827 codicum
1251 2773 1394 2837 dissensum
1417 2787 1464 2824 nec
1484 2772 1555 2825 dnbi-

395 2860 502 2912 tmidum
524 2862 565 2913 est
595 2860 627 2913 de
650 2860 754 2927 harusp.
774 2876 842 2929 resp.
867 2861 914 2925 19,
931 2861 979 2926 40,
1001 2861 1138 2929 pluresque
1163 2858 1288 2913 eiusmodi
1311 2860 1362 2913 loci
1383 2860 1553 2926 reperiuntur.

398 2947 556 3015 Quamquam
581 2949 642 2998 sunt
663 2945 707 3025 alii
730 2947 793 3011 loci,
820 2947 865 2999 ubi
888 2962 958 3000 suus·
974 2946 1137 3021 deminuendi
1154 2947 1233 3000 verbo
1255 2947 1337 2999 honos
1360 2945 1494 2998 habendus
1514 2946 1554 3008 sit,

396 3033 466 3085 111111
483 3049 508 3100 p.
527 3032 615 3086 Plane.
634 3031 681 3096 38,
700 3033 731 3086 91
756 3033 781 3085 si
802 3034 860 3100 quis
882 3034 981 3086 ideirco
1005 3034 1108 3101 aliquid
1128 3033 1159 3086 111
1182 3033 1298 3094 libertate
1319 3048 1376 3084 mea
1398 3019 1554 3085 deminutum

394 3126 522 3188 putatp.
541 3118 604 3172 Sull.
623 3119 652 3183 1,
672 3120 806 3188 21111111
828 3138 855 3174 sc
877 3122 909 3174 de
935 3122 1012 3174 huius
1030 3120 1174 3190 praesidiis
1197 3119 1399 3182 deminuturum,
1428 3118 1473 3170 ubi
1497 3119 1556 3186 quia

396 3206 555 3273 praepositio
570 3205 601 3258 de
613 3205 704 3258 addita
721 3209 770 3269 est,
788 3207 933 3260 deminuere
945 3207 1048 3260 videtur
1059 3223 1117 3260 esse
1127 3207 1236 3259 rectius:
1256 3206 1349 3274 quibus
1361 3205 1425 3258 loeis
1444 3205 1554 3268 codices,

396 3293 511 3360 quamvis
528 3293 660 3362 paululum
678 3293 869 3359 dissentientes,
883 3293 942 3347 cum
959 3295 1055 3347 maiore
1073 3297 1159 3346 tamen
1177 3293 1329 3346 auctoritate
1348 3290 1496 3344 deminuere
1515 3291 1555 3344 de·

395 3377 515 3443 tendunt,
538 3395 618 3448 eoque
639 3381 745 3450 aequius
766 3387 807 3436 est
824 3383 902 3435 etiam
923 3382 1090 3435 diminutioni
1106 3384 1133 3433 et
1153 3378 1317 3433 diminuendo
1335 3393 1409 3432 suum
1429 3378 1553 3431 honorem

395 3463 504 3515 restitui.
539 3464 595 3516 Hoc
611 3465 713 3534 quidem
730 3466 787 3520 loco
806 3467 838 3520 ab
856 3482 896 3533 eo,
916 3467 985 3535 quod
1002 3481 1090 3519 omnes
1109 3465 1211 3520 codices
1229 3462 1369 3526 tuerentur,
1391 3466 1500 3530 propter
1518 3480 1554 3518 re

396 3548 482 3615 gulam
500 3552 526 3601 et
543 3551 642 3604 ratione
659 3556 686 3605 et
703 3554 856 3607 auctoritate
874 3556 998 3607 incertam
1017 3553 1148 3606 discedere
1161 3553 1288 3605 noluimus
1307 3566 1337 3603 ac
1356 3565 1413 3603 cum
1431 3549 1481 3602 hoc
1500 3553 1555 3627 loco

397 3635 533 3689 diminutio
550 3639 716 3708 ceetipaiium
733 3641 848 3710 placeat,
865 3641 928 3694 item
944 3641 974 3693 in
992 3639 1065 3694 Verr.
1083 3639 1132 3703 Ill,
1150 3638 1192 3703 55,
1212 3638 1392 3691 12711111.-
1415 3637 1556 3705 centipolis

392 3737 455 3790 pop.
474 3722 589 3776 Romani
605 3719 658 3778 sint
675 3726 810 3790 diminuta,
828 3727 879 3781 etsi
895 3727 1018 3780 librorum
1036 3743 1084 3780 ms.
1101 3726 1139 3778 ibi
1157 3725 1277 3794 ambigua
1295 3726 1336 3777 est
1353 3713 1425 3788 fides,
1443 3726 1556 3779 scriben-

397 3810 458 3864 dum
476 3829 532 3866 esse
551 3829 650 3872 censeo.
669 3843 702 3854 -—
726 3823 807 3886 caput
818 3816 977 3886 patrimonii
993 3815 1095 3885 publici
1111 3815 1128 3868 i.
1147 3831 1169 3868 e.
1187 3813 1351 3882 praecipuam
1373 3813 1428 3865 eius
1447 3815 1555 3880 partem,

396 3900 426 3948 ut
443 3913 549 3968 campus
566 3899 706 3953 Leontinus
723 3899 941 3966 111111111118,
959 3900 992 3953 47
1011 3900 1104 3954 dicitur
1122 3907 1202 3968 caput
1216 3899 1259 3951 rei
1268 3897 1475 3967 frurneutariae3
1495 3890 1555 3950 item

396 3993 482 4054 caput
500 4002 593 4039 coenae
615 3986 703 4051 (Tusa.
721 3986 757 4051 V,
775 3986 824 4052 34,
846 3986 905 4052 98),
932 3995 1013 4057 caput
1034 3988 1101 4041 artis
1123 3987 1165 4052 (de
1183 3990 1246 4040 orat.
1265 3987 1290 4051 Ι,
1309 3986 1355 4051 29,
1380 3983 1453 4047 132),
1476 3989 1557 4052 caput

397 4071 510 4123 oratoris
527 4071 600 4134 (ibid.
617 4072 637 4138 Ι,
648 4073 689 4138 19,
701 4074 754 4139 87),
772 4082 852 4144 caput
869 4075 1015 4128 litterarum
1032 4075 1108 4141 (Phil.
1118 4074 1150 4139 11,
1162 4074 1206 4139 31)
1223 4073 1354 4142 multaque
1372 4069 1467 4124 similia
1483 4084 1556 4122 usur·

396 4159 499 4225 pantur.
539 4154 619 4211 Paulo
643 4161 705 4226 post
726 4158 881 4226 delevimus,
904 4161 972 4227 quod
989 4161 1046 4214 eod.
1064 4161 1080 4213 9
1098 4161 1194 4213 omittit
1210 4159 1338 4226 cectipal5
1360 4160 1400 4210 est
1417 4157 1485 4208 enim
1504 4171 1555 4209 non

396 4240 474 4294 modo
491 4240 624 4306 eiusmodi,
641 4239 671 4295 ut
686 4242 763 4297 facile
780 4244 872 4298 abesse
889 4245 982 4313 possit,
1000 4244 1136 4298 sedetiam
1154 4244 1257 4312 ingenio
1271 4242 1434 4296 librariorum
1452 4240 1556 4308 aptissi-

397 4341 474 4378 11111111.
511 4324 742 4399 0111111111,
760 4331 801 4386 81.
836 4332 892 4386 Nec
910 4332 992 4403 magis
1011 4332 1184 4386 dubitavimus
1203 4330 1358 4400 pravissime
1381 4335 1407 4381 et
1422 4326 1555 4379 verissime

397 4427 430 4464 ex
447 4411 571 4480 Naugerii
589 4413 736 4469 coniectura
752 4418 879 4483 scribere,
897 4434 957 4471 cum
973 4417 1075 4472 codices
1094 4433 1182 4471 omnes
1198 4414 1355 4484 pravissima
1372 4414 1404 4465 vet
1419 4411 1555 4464 verissimo

397 4494 522 4560 habeant,
546 4495 611 4566 quos
629 4499 714 4552 minus
732 4503 802 4554 recte
820 4501 924 4570 quidam
945 4504 1100 4557 recentiores
1118 4504 1271 4571 interpretes
1290 4499 1371 4553 secuti
1390 4500 1457 4551 sunt.
1493 4495 1555 4559 Quis

397 4581 466 4634 enim
488 4584 558 4650 apud
576 4583 725 4639 Ciceronem
746 4604 828 4656 prave
845 4590 972 4656 conqueri
984 4589 1068 4643 ferat?
1089 4576 1122 4628 -ἒ
1144 4591 1199 4660 ipse
1218 4604 1269 4658 per
1286 4603 1340 4639 sese
1357 4587 1373 4639 1.
1391 4600 1413 4638 e.
1432 4583 1556 4652 dignitate
1591 4574 1597 4591 ⁴

398 4680 454 4747 tua,
472 4668 542 4736 quod
559 4673 587 4722 et
605 4669 713 4726 Gracchi
730 4674 757 4726 et
769 4672 842 4727 Sulla
859 4675 916 4727 sine
934 4688 964 4727 eo
977 4676 1106 4730 civitatem
1125 4678 1195 4729 stare
1211 4690 1264 4729 non
1276 4688 1352 4743 posse
1369 4668 1556 4740 intelligebant,
