3550 5492
950 569 1007 612 xvr

398 727 470 771 cum
491 711 647 794 certamen
673 703 891 770 difficillimum
920 706 984 781 sibi¹
1004 705 1120 781 instare
1142 703 1344 789 intelligeret,
1371 727 1458 793 spem
1479 706 1560 791 legis

397 838 452 903 pro
474 816 634 883 eoncordia
661 814 796 884 civitatis
818 818 1104 904 componendasque
1131 816 1316 907 reipublicae
1338 839 1431 884 causa
1451 840 1559 911 susee-

396 934 468 1014 ptae
489 929 610 996 abiecit
1420 1009 1421 1012 Ἴ

483 1041 577 1107 Haec
588 1045 751 1126 postquam
779 1041 817 1106 de
844 1041 910 1127 lege
933 1042 1070 1109 Servilia
1092 1041 1308 1128 Ciceronisque
1336 1043 1371 1110 in
1396 1027 1435 1108 ea
1455 1044 1558 1130 impe·

387 1151 509 1233 ‚dienda
538 1152 665 1218 consilio
689 1152 936 1239 disputavimus,
965 1176 1027 1220 non
1061 1153 1186 1232 difficile
1220 1153 1442 1238 existimamus,
1477 1177 1558 1242 quae

399 1263 520 1352 quoque
542 1264 606 1329 loeo
629 1269 728 1330 orator
750 1264 825 1331 dicit
847 1266 952 1352 qualia
966 1266 1040 1347 sint,
1061 1252 1310 1352 posse'iudicari,
1332 1287 1371 1330 ne
1387 1271 1457 1347 aut,
1475 1267 1559 1360 dum

398 1368 562 1444 verberum
583 1377 774 1462 praestantia
788 1377 937 1466 capimur,
956 1383 1075 1459 temere
1091 1377 1305 1460 assentiamur,
1328 1382 1392 1460 aut,
1414 1377 1442 1451 si
1465 1376 1557 1444 dubi-

396 1489 473 1556 tatio
495 1495 600 1555 ncstra
629 1470 799 1572 moueatur,
829 1491 868 1555 ab
896 1490 936 1555 iis
963 1511 1041 1576 quae
1069 1490 1219 1583 fuerunt,
1244 1489 1333 1573 longe
1365 1489 1556 1555 recedamus.

398 1600 593 1686 Quamquam
615 1601 696 1666 inter
723 1602 808 1688 ipses
836 1602 989 1669 orationes
1014 1609 1063 1668 est
1089 1602 1242 1688 quoddam
1270 1600 1452 1681 discrimem
1481 1623 1556 1684 nam

395 1714 498 1798 prima
518 1712 554 1778 in
571 1718 681 1778 senatu
703 1713 810 1779 habita
825 1720 886 1796 est,-
904 1714 1040 1800 reliquae
1062 1714 1140 1779 duae
1163 1713 1245 1800 apud
1262 1712 1425 1800 populum3
1448 1711 1557 1780 tamen

394 1824 497 1910 prima
519 1830 551 1890 et
573 1824 670 1890 altera
691 1824 725 1889 in
748 1825 855 1890 eodem
871 1831 1000 1910 ¹prorsus
1029 1830 1210 1909 argumento
1239 1831 1410 1891 versantur.
1454 1825 1556 1902 Quare

396 1937 477 2022 quod
499 1937 580 2003 inter
601 1937 658 2003 has
681 1936 759 2002 duas
781 1936 937 2021 intererit,
965 1937 999 2001 id
1021 1936 1146 2002 omnino
1174 1936 1255 2002 inter
1283 1937 1471 2002 senatoriam
1492 1938 1556 2003 elo-

394 2047 556 2132 quentiam
577 2052 608 2112 et
628 2048 710 2114 inter
732 2068 815 2131 eam,
842 2068 921 2133 quae
949 2047 1033 2133 apud
1060 2039 1210 2135 populum
1238 2048 1376 2131 valebat,
1398 2048 1556 2115 interesse

394 2165 578 2227 statuemus.
611 2161 840 2246 Argumentum
854 2161 939 2228 idem
953 2181 1019 2226 esse
1041 2160 1176 2227 diximus
1198 2160 1233 2226 in
1254 2167 1384 2245 utraque
1406 2161 1556 2246 oratione,

395 2272 561 2358 eademque
584 2279 631 2339 est
652 2276 827 2358 argumenti
849 2274 961 2341 divisio
983 2295 1018 2341 ac
1040 2274 1207 2360 dispositio,
1231 2275 1347 2354 eadem¹
1362 2274 1463 2346 etiam,
1479 2282 1556 2365 sunt
1586 2337 1588 2342 .

394 2405 485 2470 saepe
507 2385 609 2465 rerba,
632 2387 745 2471 quibus
767 2393 906 2474 q’uaeque
927 2408 976 2453 res
990 2387 1196 2472 significetur:
1220 2387 1273 2452 sed
1289 2385 1426 2454 multum
1446 2391 1556 2452 tamen

393 2495 429 2560 in
449 2501 539 2563 tante
566 2496 772 2565 similitudine
800 2499 939 2566 interest.
985 2499 1142 2586 Copiosior
1170 2499 1254 2564 enim
1282 2505 1329 2565 est
1350 2498 1468 2586 contio,
1490 2498 1554 2564 im·

392 2607 502 2694 primis
529 2607 570 2672 iis
597 2608 686 2693 loeis,
715 2611 770 2697 qui
798 2613 838 2678 ad
858 2611 1007 2701 populum
1033 2612 1286 2679 commovendum
1316 2611 1380 2698 apti
1410 2629 1474 2674 esse
1503 2610 1554 2675 vi-

393 2717 534 2803 deantur,
556 2720 641 2788 velut
663 2721 701 2786 de
722 2743 794 2808 agro
818 2723 974 2810 Campano
997 2725 1049 2810 (cf.
1071 2730 1146 2791 crat.
1169 2724 1199 2813 I,
1226 2727 1255 2808 7,
1279 2724 1345 2808 21),
1367 2723 1471 2809 spirat
1486 2742 1555 2786 ma-

396 2831 593 2914 gnificentius
626 2833 744 2920 aliquid
776 2840 868 2922 atque
901 2835 1086 2904 elaboratius
1125 2835 1343 2921 clarioremque
1379 2832 1554 2901 uberrimae

392 2941 584 3028 eloquentiae
602 2944 771 3030 imaginem
786 2947 920 3014 exhibet.
958 2950 1057 3027 Quam
1072 2970 1144 3014 cnm
1165 2948 1334 3014 conferrem
1355 2967 1427 3011 cum
1440 2945 1553 3031 priore,

392 3075 471 3140 quae
491 3055 527 3121 in
548 3061 660 3120 senatu
681 3056 865 3141 habita'est,
888 3059 1034 3142 oratione,
1056 3057 1235 3136 recordabar
1249 3055 1338 3139 illud,
1353 3054 1554 3140 quodGieero

395 3273 511 3342 agrariae
534 3272 704 3343 appellantur.
733 3272 840 3327 Etenim
862 3287 916 3326 non
933 3273 971 3326 sic
993 3271 1069 3326 medo
1093 3271 1195 3345 ridetur
1211 3271 1395 3348 faetumfessa
1417 3272 1446 3322 ut
1463 3270 1552 3338 plnres

395 3359 562 3429 communiter
587 3358 755 3428 magistratus
781 3375 858 3412 unam
879 3358 968 3428 legem.
980 3358 1090 3423 ferrent,
1116 3372 1223 3428 querum
1249 3344 1358 3411 nomina
1380 3355 1502 3424 deinceps
1525 3357 1552 3410 in

392 3443 594 3514 praescriptione
617 3444 682 3513 legis
705 3438 867 3515 ponebantur
888 3447 950 3514 (qna
973 3444 1004 3498 de
1032 3459 1060 3497 re
1081 3458 1171 3512 nuper.
1184 3443 1315 3513 praeclare
1338 3440 1485 3513 disputarit
1501 3441 1551 3495 Fr.

391 3529 547 3585 Ritselrelius
570 3531 598 3584 in
620 3534 811 3600 programmate
834 3531 1018 3586 universitatis·
1035 3530 1179 3584 Bonnensis
1202 3531 1264 3583 anni
1288 3528 1357 3583 1860
1373 3544 1399 3596 p.
1417 3526 1479 3591 XI),
1502 3527 1550 3580 sed

385 3607 467 3670 'etiam
487 3617 537 3671 hoc
555 3617 679 3672 accidisse
690 3617 775 3683 eredo,
792 3620 829 3684 ut,
847 3618 928 3686 siqui
944 3618 1068 3687 scriptam
1083 3617 1136 3670 iam
1151 3616 1235 3687 legem
1250 3616 1434 3685 cognoscerent
1451 3627 1481 3665 ac
1498 3613 1551 3666 sibi

391 3703 492 3773 plaeere
509 3704 606 3760 vellent
623 3704 776 3776 significare,
793 3705 812 3757 ii
830 3690 925 3759 alieubi
942 3703 975 3757 ad
992 3703 1147 3773 principium
1166 3703 1234 3772 legis
1245 3702 1356 3766 ‚nomina
1373 3714 1420 3754 sua
1438 3693 1551 3768 aseribe·

390 3793 456 3843 rent.
486 3790 556 3856 Quos
573 3792 676 3861 proprie
694 3791 852 3860 campteras
869 3789 1012 3858 appellatos
1031 3779 1088 3842 esse
1105 3788 1232 3843 existimo.
1263 3784 1307 3841 Sie
1319 3785 1436 3856 equidem
1448 3784 1475 3837 in
1492 3783 1550 3851 lege

392 3874 437 3927 illa
453 3876 596 3929 centuriata
613 3875 710 3930 factum
727 3890 785 3929 esse
801 3874 896 3939 iudico,
915 3890 966 3944 qua
978 3873 1095 3928 Ciceroni
1112 3873 1211 3928 reditas
1229 3872 1346 3927 decretus
1363 3874 1413 3934 est,
1429 3885 1507 3939 quam
1519 3869 1549 3922 P.

390 3961 524 4020 11111111-
538 3962 629 4016 consul
652 3963 684 4017 de
707 3962 821 4032 collegae
838 3961 869 4027 Q.
885 3961 983 4035 Metelli
1006 3962 1135 4016 sententia
1156 3960 1217 4014 tulit
1234 3958 1297 4032 (Cic.
1314 3959 1342 4015 in
1358 3957 1412 4012 Pis.
1431 3955 1477 4021 15,
1494 3950 1549 4021 355,

390 4062 467 4125 quam
484 4047 592 4101 eandem
610 4053 668 4104 oeto
686 4048 785 4103 tribuni
801 4048 886 4117 plebis
895 4047 1009 4118 (Gieep.
1019 4049 1039 4115 1,
1052 4049 1077 4114 9,
1088 4049 1130 4114 16)
1141 4048 1183 4101 vel
1201 4062 1289 4102 omnes
1302 4045 1365 4114 adeo
1382 4041 1549 4112 magistratus

390 4131 453 4197 (Gic.
471 4133 498 4186 in
515 4132 568 4186 Pis.
582 4133 604 4191 l.
622 4133 651 4199 l.)
668 4133 845 4203 promulgasse
863 4137 1007 4189 narrantur.
1044 4121 1127 4199 Quare
1150 4135 1235 4189 utrum
1253 4134 1281 4187 in
1298 4131 1420 4199 hae·lege
1439 4127 1549 4183 Servilia

389 4215 485 4272 factm
503 4220 546 4285 sit,
563 4213 690 4274 incertum
707 4219 816 4274 ridetur·
826 4235 893 4275 esse.
923 4218 972 4276 Oui
983 4221 1060 4275 etiam
1078 4221 1102 4274 si
1120 4221 1164 4290 qui
1176 4219 1358 4289 ascripsissent
1374 4219 1484 4278 tantum,
1501 4229 1549 4268 ecs

389 4309 475 4360 tamen
492 4307 520 4360 in
535 4306 741 4376 praescriptione
758 4306 822 4376 legis
840 4324 856 4360 a
873 4306 998 4363 Cicerone
1015 4307 1077 4377 poni
1092 4307 1210 4376 potuisse
1222 4305 1310 4361 video:
1328 4303 1407 4358 etiam
1423 4299 1488 4354 illud
1506 4315 1548 4354 eo·

389 4392 466 4462 gitari
484 4396 579 4461 potest,
596 4395 624 4446 et
635 4408 713 4468 unum
725 4393 765 4446 rel
779 4392 887 4447 alterum
899 4395 976 4448 simul
989 4410 1046 4448 eum
1064 4393 1141 4448 Rullo
1152 4393 1261 4465 tulisse,
1269 4395 1296 4445 et
1309 4390 1373 4443 alios
1387 4387 1548 4468 ascripsisse.

388 4476 491 4532 Indicis
506 4478 611 4548 quidem
629 4479 736 4533 formam
748 4479 855 4548 regebat
871 4481 950 4534 etiam
961 4480 1095 4536 brevitatis
1113 4480 1179 4533 ratic
1191 4471 1274 4546 neque
1284 4490 1373 4529 omnes
1390 4473 1469 4542 leges,
1481 4489 1547 4541 quae

389 4563 538 4631 aplnribus
557 4569 663 4633 rogatae
680 4569 780 4630 essent,
798 4567 832 4620 ab
849 4567 966 4634 pluribus
988 4567 1065 4635 vulgo
1088 4566 1233 4621 nominatas
1251 4576 1308 4618 esse
1326 4574 1427 4616 censeo.
1462 4558 1547 4624 Quare

388 4648 481 4704 indicis
500 4651 655 4706 mentionem
673 4652 781 4706 lectione
798 4657 890 4708 nostra
905 4655 1003 4723 perisse
1013 4650 1094 4708 'nemo
1113 4666 1190 4721 aegre
1206 4651 1287 4708 imet..
