3550 5492
789 598 1023 665 -118-

332 752 391 817 ista
413 753 492 817 dona
515 754 619 839 iugera
641 758 874 827 continuabunt.
910 762 989 829 Nam
1012 765 1158 831 sidicent
1179 764 1357 852 perlegam
1379 764 1412 828 id
1432 784 1482 831 nou

331 854 431 935 licem,
456 876 494 921 ne
516 878 569 941 per
592 858 763 927 Corneliam
785 864 910 949 quidem
932 866 1013 933 licet
1056 871 1100 935 At
1127 870 1282 952 videmus,
1304 874 1345 935 ut
1372 868 1482 952 longin-

331 979 392 1041 qua
420 958 594 1043 mittamus,
623 984 730 1048 agrurn
752 968 991 1035 Praenestinum
1018 993 1038 1035 a
1066 973 1172 1058 paucis
1199 971 1370 1058 possideri:
1396 992 1483 1057 neque

332 1059 459 1125 istorum
481 1065 619 1147 pecuniis
637 1068 803 1154 quicquam
817 1071 903 1137 aliud
925 1074 1029 1139 deesse
1049 1075 1148 1157 uideo,
1171 1076 1233 1141 nisi
1249 1074 1407 1141 eiusmodi
1423 1074 1483 1141 fun·

331 1160 394 1241 dos,
418 1182 548 1245 quorum
570 1168 708 1235 subsidio
730 1172 920 1241 familiarum
938 1179 1168 1262 magnitudines
1184 1185 1214 1243 et
1229 1179 1482 1245 Cumanorumao

331 1262 566 1334 Puteolanorum
596 1272 791 1357 praediorum
826 1285 969 1364 sumptus
995 1288 1168 1348 sustentare
1195 1278 1328 1369 pessint.
1381 1283 1482 1361 Quodsi

330 1374 468 1437 vostrum
497 1378 690 1442 commodum
720 1388 851 1465 spectat,
879 1386 985 1450 ueniat
1020 1392 1050 1450 ct
1077 1406 1178 1451 coram
1205 1407 1332 1452 mecum
1362 1386 1401 1453 de
1427 1387 1480 1471 agri

295 1470 480 1557 ItCsnrpaui
510 1476 661 1545 divisione
689 1482 836 1568 disputet.
880 1487 1027 1564 Quaesivi
1048 1508 1086 1552 ex
1113 1509 1148 1553 eo
1169 1488 1242 1553 Kal.
1264 1488 1351 1571 Iam,
1382 1488 1481 1574 quibus

328 1570 508 1643 hominibus
537 1586 570 1646 et
596 1585 855 1667 quemadmodum
881 1588 971 1654 illum
1004 1610 1113 1675 agrum
1146 1598 1229 1656 esset
1256 1590 1480 1659 distributums.

329 1831 398 1899 quod
419 1837 588 1903 quadriennio
610 1849 671 1912 post
693 1862 746 1900 non
769 1846 884 1902 definivit
902 1846 931 1902 O.
949 1847 1044 1902 saesar
1060 1849 1088 1902 tn
1105 1847 1254 1913 consulatu,
1279 1851 1326 1919 qni
1349 1866 1411 1905 cnm
1431 1852 1481 1905 item

329 1916 412 1985 ¹⁰d⁰¹¹¹
431 1922 463 1977 do
481 1941 545 1996 egro
562 1929 692 2000 Campano
710 1933 847 1987 dividendo
864 1934 951 1999 ferrat,
970 1938 1093 2004 quantum
1109 1934 1208 1989 colonis
1228 1936 1284 2004 agri
1296 1934 1409 1991 daturus
1425 1942 1482 1992 asset

330 2018 381 2101 uon
398 2006 532 2067 iudicarit.
567 2015 632 2070 Vide
650 2022 784 2073 comment
802 2023 904 2073 nostras
923 2020 1056 2089 epigraph.
1074 2019 1086 2071 Ι
1103 2034 1131 2087 p.
1141 2019 1199 2073 tet.
1224 2018 1303 2074 Dana
1321 2021 1418 2091 iugero
1433 2039 1483 2076 con

331 2096 434 2146 asnaa-re
452 2101 493 2151 ast
509 2099 618 2168 efficere,
636 2109 664 2156 nt
681 2108 762 2159 sortes
781 2106 917 2159 contiuuae
935 2105 995 2170 sint,
1012 2108 1042 2158 ut
1053 2104 1206 2159 cohaereant
1221 2120 1280 2158 cum
1293 2106 1352 2161 aIiIs
1371 2108 1482 2163 sortitus.

331 2176 416 2246 Supra
433 2182 447 2247 §
466 2185 500 2238 to
516 2184 642 2242 Sullanus
659 2206 723 2259 ager
740 2208 757 2243 a
774 2192 852 2245 certis
869 2191 1012 2245 bominibus
1030 2190 1154 2245 latissime
1171 2192 1348 2257 continuatus,
1366 2199 1433 2249 orat.
1447 2194 1484 2261 III,

331 2265 356 2329 42
375 2266 407 2321 14
419 2269 528 2339 fundos,
546 2294 608 2343 quos
624 2279 653 2330 in
673 2296 737 2347 apro
757 2277 877 2333 Cbsinati
898 2279 1007 2348 optirnos
1023 2278 1298 2348 fructuosissimosque
1321 2280 1483 2335 continuavit

331 2380 364 2391 -
378 2370 430 2423 per
447 2359 526 2430 Iegem
543 2361 574 2414 id
588 2379 640 2415 raon
658 2364 799 2418 titaneus.
817 2380 864 2433 per
882 2364 965 2433 legem
982 2364 1066 2432 ipsius
1084 2362 1162 2428 Rulli,
1179 2364 1223 2432 qui
1240 2366 1323 2419 sortes
1342 2366 1483 2421 colonorum

332 2442 436 2497 omnino
454 2447 542 2500 uenire
560 2452 682 2514 vetuerat,
700 2449 745 2503 sed
764 2450 906 2503 hereditate
923 2453 1023 2503 tantum
1041 2449 1075 2502 ad
1085 2449 1152 2504 filios
1164 2453 1333 2519 posterosque
1348 2454 1484 2521 pervenire,

332 2530 369 2595 ut,
387 2531 410 2584 si
428 2534 484 2602 quis
502 2534 608 2589 colonus
628 2536 683 2589 sine
700 2536 836 2590 heredibus
848 2536 923 2590 iustis
936 2534 1079 2600 decederet,
1096 2550 1153 2589 sors
1170 2535 1225 2589 eins
1239 2540 1346 2591 uacaret
1364 2540 1441 2607 atque
1457 2538 1484 2591 ad

333 2619 459 2674 aerarium
477 2622 567 2690 populi
584 2622 694 2676 Romani
711 2622 814 2677 rediret.
853 2623 925 2675 Haec
941 2623 1009 2675 enim
1026 2620 1142 2675 condicio
1165 2621 1306 2699 antiquitus
1329 2622 1431 2679 colonis
1445 2624 1484 2678 im·

332 2705 394 2773 poni
412 2709 512 2763 solebat
529 2712 677 2779 retentaque
695 2713 734 2763 est
752 2725 803 2763 non
821 2709 905 2764 solum
923 2709 956 2761 ab
965 2707 1051 2771 Rullo,
1063 2723 1152 2760 verum
1170 2709 1248 2760 etiam
1265 2710 1326 2760 autc
1343 2724 1406 2762 aum
1422 2710 1452 2781 ab
1458 2709 1483 2763 Ι.

333 2791 406 2846 SnIIa
423 2793 553 2861 dictatore,
571 2798 642 2850 cuius
660 2797 743 2865 Iegem
761 2794 905 2851 Corneliam
923 2794 1012 2849 GIcero
1029 2794 1132 2860 laudat,
1150 2796 1209 2863 post
1226 2809 1284 2848 eum
1301 2795 1360 2865 Iege
1377 2796 1442 2853 Iulia
1456 2797 1483 2850 ab

334 2879 361 2935 G.
380 2879 489 2938 Caesare
506 2889 532 2939 et
548 2885 653 2940 consule
675 2887 701 2937 et
718 2884 854 2948 dictatore,
872 2883 916 2952 qui
938 2886 1024 2935 tamen
1051 2886 1080 2935 ut
1104 2882 1285 2936 liberalitatem
1310 2898 1387 2936 snam
1410 2886 1483 2937 osten·

334 2967 413 3035 daret,
431 2972 523 3040 viginti
541 2986 630 3036 annos,
646 2970 716 3024 intra
732 2985 796 3039 quos
815 2973 899 3023 sortes
910 2968 1020 3023 uendere
1038 2968 1196 3030 conliserat
1213 2966 1428 3037 praescripserat
1450 2966 1482 3023 ct

334 3061 466 3112 comment.
484 3059 617 3128 epigraph.
634 3057 647 3110 I
664 3074 689 3126 p·
707 3056 767 3111 460.
791 3084 825 3094 -
849 3057 989 3125 lonqinquo
1006 3058 1024 3110 i.
1042 3072 1064 3110 e.
1082 3056 1172 3125 procul
1195 3056 1227 3109 ab
1250 3054 1314 3109 urbe
1332 3056 1420 3109 llorm
1434 3054 1481 3109 sa

334 3142 517 3209 Commemoro,
535 3146 595 3213 quia
611 3143 776 3197 Lauredanus
794 3160 885 3213 param
902 3147 970 3197 recte
989 3143 1020 3196 ds
1043 3146 1157 3212 tempore
1176 3143 1323 3211 explicavit
1354 3142 1481 3197 Praeneste

335 3234 419 3283 summ
437 3248 493 3284 cnm
511 3229 540 3283 L.
559 3230 646 3283 Sullae
663 3229 806 3282 diutissime
824 3230 962 3283 restitisset
981 3246 1009 3282 ac
1029 3229 1056 3284 0.
1074 3230 1182 3282 Marium
1199 3227 1280 3282 filium
1298 3232 1406 3283 suenus
1423 3226 1481 3281 adiu·

335 3315 422 3380 ulssat,
438 3315 594 3384 publicatum
613 3318 653 3367 est
670 3314 727 3382 Iege
739 3313 855 3367 (lemelia
874 3315 1017 3384 occisisque
1028 3314 1157 3368 ueteribus
1175 3314 1267 3368 Incolis
1285 3315 1348 3368 nori
1366 3312 1482 3369 coloniis

335 3399 430 3468 oppido
448 3403 474 3452 et
491 3412 554 3467 agro
573 3397 698 3451 collocati.
726 3397 819 3466 'Atque
841 3399 868 3450 in
885 3399 981 3467 oppido
1005 3399 1106 3467 quidem
1125 3402 1276 3466 supererant
1292 3396 1387 3463 coloni,
1405 3410 1482 3467 agrum

336 3488 412 3556 pauci
429 3486 522 3539 divites
539 3488 691 3539 coemerent
709 3512 743 3522 —
755 3484 923 3553 ‚seruiturus
939 3485 1138 3555 nrcpriitudines.
1166 3484 1260 3537 Servos
1277 3482 1404 3552 IntelligIt
1418 3482 1482 3535 urba·

335 3589 391 3639 nos,
409 3589 516 3643 quorum
532 3573 648 3642 ingentes
662 3587 752 3641 greges
766 3572 882 3625 luxuriae
896 3588 974 3626 causa
992 3571 1143 3625 adiuItibus
1162 3570 1309 3635 alebantur;
1327 3584 1390 3622 nam
1404 3566 1483 3623 rustici

335 3662 403 3714 servi
421 3678 450 3715 ac
468 3662 584 3730 pastores
606 3658 681 3713 iacils
704 3658 867 3729 praediorum
892 3675 958 3727 qnae
981 3658 1099 3712 colebant
1119 3657 1246 3710 fructibus
1272 3656 1482 3710 sustentabantur.

335 3747 430 3801 Eodem
461 3751 544 3801 autem
574 3746 667 3816 plurali
693 3746 884 3815 magnitudines
918 3746 950 3799 de
977 3745 1150 3814 compluribus
1176 3743 1253 3797 rebus
1282 3742 1385 3812 magnis
1414 3740 1484 3795 utitur

335 3834 400 3887 Phil.
417 3833 494 3897 XIII,
511 3833 540 3898 3,
558 3834 574 3888 5
592 3834 694 3897 moria,
720 3840 830 3896 montes,
848 3833 983 3901 reqionum
1005 3831 1195 3900 mnqnitudines
1213 3830 1373 3883 interessent.
1411 3827 1485 3895 Atque

335 3921 383 3974 hoc
401 3919 503 3988 quidem
526 3936 605 3974 unum
627 3920 744 3973 luxuriae
765 3923 933 3988 genesaret,
957 3919 1025 3988 quod
1048 3932 1169 3986 magnum
1192 3918 1323 3985 sumptam
1344 3914 1487 3985 requireret,

337 4008 444 4061 alterum
465 4009 521 4059 erat
539 4005 711 4060 Cumanorum
733 4012 759 4058 st
774 4004 977 4058 Puteolanorum
994 4004 1173 4075 praediorum.
1208 4002 1275 4055 Nam
1296 4002 1325 4055 In
1346 4016 1395 4055 ora
1416 3998 1487 4054 maris

336 4110 416 4162 prope
434 4092 527 4145 Gumas
545 4095 571 4144 et
587 4091 717 4158 Puteolos,
735 4092 845 4144 maxime
864 4095 948 4144 autem
966 4092 1045 4155 Baiis,
1059 4088 1169 4144 Itomaui
1185 4088 1316 4142 habebant
1332 4086 1410 4140 rIlIas
1427 4100 1489 4138 sum·

336 4179 503 4248 ptuosIssime
521 4176 669 4231 aedificatas
687 4181 762 4246 atque
774 4181 920 4243 exornatas,
939 4193 1077 4245 quaecum
1095 4176 1165 4245 agris
1183 4176 1307 4237 carerent,
1323 4172 1411 4226 nullos
1427 4169 1490 4224 redi·

337 4268 380 4318 tua
398 4265 495 4317 darant
538 4262 620 4326 Quare
638 4264 694 4332 Ipse
712 4263 801 4317 Cicero
820 4265 853 4317 ad
871 4265 924 4319 Att.
943 4264 1045 4328 11,s‚s
1061 4264 1185 4316 Baianum
1202 4262 1333 4329 reginuem
1351 4257 1491 4328 appellarit

340 4348 450 4403 Orctera
467 4349 540 4401 illum
558 4349 703 4405 deb'catum.
722 4378 755 4390 -
773 4368 862 4403 corn-m
879 4367 977 4404 mecum
993 4378 1027 4389 -
1045 4350 1165 4419 disputet.
1200 4347 1270 4401 Intra
1287 4349 1352 4400 orat
1370 4344 1420 4410 111,
1439 4346 1452 4397 I
1471 4342 1492 4395 si

337 4452 426 4489 coram
437 4435 524 4504 potius
545 4454 584 4491 me
601 4445 738 4508 praesente
760 4438 899 4503 ds'sissent,
917 4440 946 4504 4,
967 4437 999 4491 16
1016 4438 1123 4491 veniant
1140 4452 1227 4489 coram
1244 4441 1271 4487 et
1295 4460 1329 4469 —
1355 4432 1493 4493 disserant,

337 4536 363 4589 p.
385 4520 436 4588 leg.
453 4520 520 4576 lien.
539 4522 585 4589 22,
607 4524 640 4577 66
658 4522 778 4576 Libenter
803 4523 866 4577 baec
894 4540 982 4576 coram
1005 4540 1062 4576 cunc
1081 4522 1111 4585 Q.
1136 4520 1226 4575 Catulo
1253 4526 1279 4573 et
1303 4518 1335 4581 Q.
1352 4515 1493 4571 Hortensio

338 4602 504 4677 disputarem.
538 4606 686 4677 Disputarat
704 4610 789 4660 autem
805 4609 843 4661 ita
859 4607 947 4661 Cicero
972 4624 1029 4662 cum
1047 4608 1123 4662 Rullo
1140 4608 1167 4660 In
1183 4608 1274 4661 senatu
1287 4602 1346 4658 Kal.
1364 4603 1428 4668 Ian,
1446 4616 1495 4671 quo

337 4697 454 4763 tempore
471 4694 533 4762 quid
548 4694 592 4749 illc
610 4693 703 4749 dmerit
720 4693 841 4763 deinceps
858 4694 945 4749 refert.
