3550 5492
713 380 947 447 -173-

251 542 350 596 lemnia
367 542 435 595 sicat
453 541 521 611 apud
539 556 586 596 nos
604 556 681 612 saepe
695 544 853 609 differuntur,
872 546 910 598 sic
927 542 996 613 apud
1005 544 1136 599 llomanos
1152 545 1235 617 legem
1252 546 1285 601 de
1300 548 1409 618 imperio

252 644 306 683 non
324 628 447 681 continuo
464 628 601 697 oportebat
618 630 651 694 el,
668 631 778 700 quaeda
791 630 901 685 creando
918 631 972 683 lata
983 634 1046 695 erat,
1064 632 1208 688 succedere.
1235 632 1409 688 Veruntamen

254 714 299 782 qni
316 714 417 766 crearit
434 727 520 779 regem
538 713 662 781 populns,
683 730 740 768 eum
759 716 782 767 si
799 716 889 770 iisdem
908 716 1018 768 comitiis
1041 716 1074 768 ab
1090 732 1151 785 rege
1168 716 1200 770 de
1216 719 1323 787 imperio
1342 720 1409 773 deie-

251 798 332 851 rendo
351 797 513 861 consulatur,
537 815 627 866 parum
650 801 784 868 probabile
806 805 847 856 est
869 818 920 854 non
945 817 1001 855 esse
1020 801 1176 856 delatarum:
1202 805 1289 872 itaque
1307 805 1334 858 in
1351 807 1408 874 lege

250 884 352 937 curiata
370 882 401 936 de
419 884 527 952 imperio
546 884 578 936 ab
604 885 662 952 ipsa
684 887 783 954 origine
804 887 887 955 magis
913 888 1012 955 species
1039 887 1163 955 quaedam
1190 887 1310 958 religiosa
1332 907 1408 958 qnam

251 985 312 1022 vera
331 987 360 1022 ac
378 986 470 1038 magna
489 974 605 1038 potestas
623 973 800 1040 quaerebatur.
829 973 912 1037 Quare
929 973 1024 1026 iactum
1044 988 1101 1026 esse
1119 974 1236 1038 arbitror,
1254 979 1283 1027 ut
1300 977 1366 1028 hanc
1382 977 1408 1029 in

252 1056 357 1124 regibus
376 1057 494 1109 creandis
512 1057 575 1109 iuris
592 1059 754 1110 severitatem
778 1075 844 1113 unus
862 1058 953 1112 Cicero
970 1063 997 1112 ct
1014 1059 1115 1128 quidem
1133 1060 1159 1112 in
1182 1074 1214 1113 eo
1232 1060 1312 1124 libro,
1335 1076 1410 1130 quem

253 1142 285 1194 de
303 1142 436 1210 republica
454 1143 585 1206 scriberet,
603 1144 752 1208 tradiderit,¹
763 1145 853 1214 reliqui
871 1147 1011 1215 scriptores
1022 1148 1153 1212 tamquam
1171 1148 1411 1199 commemoratione

251 1227 385 1296 indignam
401 1231 628 1296 praetermiserint.
663 1230 729 1282 Nam
748 1229 848 1295 Livius‘,
866 1247 924 1284 cum
943 1231 974 1283 dc
992 1231 1131 1300 Tarquinio
1149 1236 1234 1284 creato
1252 1246 1357 1300 prorsus
1374 1236 1411 1284 ta·

252 1312 347 1377 ceat,l,
359 1314 390 1366 17
403 1313 435 1365 de
452 1314 536 1366 Numa
554 1318 654 1367 narrat:
673 1316 841 1369 decreuerunt
858 1319 924 1370 enirn
943 1318 1059 1386 (patres),
1076 1325 1179 1369 etcum
1193 1318 1307 1386 populus
1325 1333 1411 1386 regem

252 1399 378 1461 iurasset,
396 1399 427 1451 id
443 1401 482 1451 sic
498 1409 584 1453 ratum
604 1409 676 1464 esset,
698 1404 723 1454 si
738 1408 831 1472 patres
846 1410 965 1456 emtores
976 1403 1078 1469 fierent.
1097 1431 1130 1441 -
1150 1419 1236 1471 repam
1254 1410 1346 1466 orecte,
1359 1418 1410 1471 pu-

253 1488 304 1536 tres
322 1485 415 1538 deinde
432 1514 465 1552 ε
484 1494 601 1540 auctores
612 1488 687 1554 fient,
704 1492 759 1543 tum
777 1489 797 1552 l,
815 1490 849 1542 22
868 1489 972 1541 Tullum
990 1488 1130 1541 Hostilium
1147 1517 1181 1526 -
1198 1504 1284 1558 regem
1298 1489 1410 1557 populna

252 1569 343 1622 iussit.-
355 1578 448 1640 putres
465 1581 584 1627 auctores
595 1574 674 1642 sacti,
692 1580 746 1627 tum
758 1576 777 1637 l,
795 1574 828 1627 32
846 1575 950 1628 Ancum
961 1574 1092 1627 Marcium
1108 1591 1192 1644 regem
1207 1575 1322 1644 populus
1338 1589 1409 1627 crea

253 1656 303 1707 uit:
316 1664 410 1725 putres
421 1659 500 1726 fuere
517 1667 644 1724 auctores,
662 1664 714 1714 tam
732 1661 848 1725 Libia
866 1661 957 1714 Servio
974 1660 1058 1715 'l'ullio
1076 1662 1168 1731 populi
1184 1663 1283 1712 tantum
1301 1674 1409 1713 consen·

253 1755 308 1793 snm
325 1748 508 1796 commemorat
525 1746 707 1813 praetermissa
723 1749 824 1814 patrum
843 1746 1004 1800 auctoritate.
1051 1744 1147 1808 Quibus
1166 1744 1233 1797 Livii
1255 1744 1339 1797 verbis
1356 1744 1410 1796 luo·

253 1832 320 1891 runt,
337 1829 381 1896 qui
398 1829 435 1882 ita
453 1830 627 1895 abuterentur,
645 1834 674 1884 nt
684 1847 741 1884 cum
755 1831 817 1884 nihil
829 1846 926 1894 eorum,
943 1845 1009 1898 quae
1021 1828 1109 1882 Cicero
1122 1833 1247 1894 narraret,
1266 1829 1333 1898 apud
1352 1844 1408 1882 cum

255 1913 343 1967 deesse
361 1919 478 1982 oportere
496 1920 650 1981 statuerent,
673 1919 971 1984 anctoritatempatrum
995 1916 1063 1968 idem
1081 1931 1138 1968 esse
1157 1915 1323 1984 opinarentur
1341 1914 1410 1982 quod

255 1999 336 2068 legem
354 2002 491 2054 curiatam:
518 2004 612 2071 quibus
630 2019 678 2057 nos
700 2019 751 2056 non
768 2003 909 2057 credemus.
949 2003 1039 2055 Livius
1061 2003 1173 2070 priorem
1194 2004 1295 2054 tantum
1318 2001 1410 2068 legem,

255 2100 303 2153 qua
322 2101 367 2139 rex
385 2091 487 2140 creatus
504 2093 573 2153 erat,
593 2094 791 2154 commemorat,
808 2091 834 2141 in
858 2105 909 2157 qna
931 2092 1000 2142 recte
1017 2088 1120 2141 comitia
1137 2091 1165 2140 et
1180 2090 1282 2155 patrum
1301 2087 1411 2139 auctori-

254 2173 332 2224 tatem
349 2171 479 2239 discernit,
497 2174 529 2226 de
547 2175 627 2228 altera
643 2179 721 2229 tacet.
754 2176 894 2243 Dionysius
911 2175 1022 2244 quidem,
1040 2190 1091 2244 qua
1107 2177 1148 2225 est
1164 2173 1192 2224 in
1208 2171 1337 2224 narrando
1354 2187 1410 2224 rer·

187 2290 191 2299 ·
254 2255 375 2321 bonitate,
397 2258 458 2311 bina
481 2261 584 2313 comitia
603 2261 635 2314 de
659 2262 767 2332 singulis
791 2263 894 2330 regibus
912 2261 1001 2314 habita
1019 2276 1076 2313 cum
1094 2259 1145 2312 fide
1162 2261 1352 2321 commemorat,
1378 2257 1410 2309 de

188 2364 189 2371 ¹
254 2341 338 2395 lluma
356 2343 387 2406 11,
405 2345 440 2397 58
457 2355 484 2397 et
501 2347 547 2409 60,
566 2346 597 2398 de
615 2347 690 2400 Tollo
706 2348 757 2412 Ill,
775 2349 803 2411 l,
821 2348 853 2400 de
871 2346 944 2399 Anco
961 2346 1011 2410 Ill,
1028 2344 1076 2409 36,
1093 2345 1126 2397 de
1144 2344 1282 2411 Tarquinio
1301 2343 1409 2408 111,4s.

188 2472 190 2487 ,
254 2427 412 2495 Quamquam
430 2430 547 2493 Romani,
564 2446 614 2498 quo
626 2432 772 2500 religiosius
789 2436 889 2484 veteres
902 2432 1072 2484 caerimoniae
1089 2434 1307 2494 conservarentur,
1325 2433 1409 2482 certas

253 2512 378 2580 quasdam
396 2529 437 2566 res
455 2531 512 2568 cum
535 2516 584 2567 hac
605 2516 661 2584 lege
683 2519 781 2569 curiata
804 2518 1004 2580 coniunxerunt,
1026 2530 1090 2583 quas
1113 2514 1168 2566 sine
1186 2530 1216 2566 ea
1239 2515 1323 2567 minus
1341 2517 1410 2566 recte

255 2598 428 2652 administrari
452 2600 586 2668 putabant
627 2600 811 2655 Gontinebatur
833 2601 901 2652 enim
924 2615 955 2652 ea
981 2599 1130 2666 imperium,
1153 2597 1222 2664 quod
1245 2596 1345 2649 dicitur.
1379 2596 1409 2648 ld

255 2686 339 2736 autem
356 2685 433 2737 situm
451 2689 492 2737 est
508 2686 534 2737 in
551 2685 633 2738 tribus
650 2685 734 2749 rebus,
756 2686 866 2754 primum
884 2686 911 2737 in
929 2685 1042 2737 exercitu
1064 2683 1162 2735 urbano
1180 2682 1300 2752 regendo,
1317 2681 1410 2733 deinde

254 2769 279 2820 in
298 2769 445 2833 iudicando,
463 2771 571 2838 deniqne
588 2772 615 2824 in
633 2772 743 2824 comitiis
755 2773 861 2825 curiatis
878 2772 1078 2838 centuriatisque
1091 2771 1160 2833 (nam
1177 2784 1208 2822 ea
1225 2784 1284 2821 cnm
1300 2768 1409 2836 imperio

258 2854 429 2922 auspiciisque
446 2855 584 2906 coniuncta
600 2858 688 2918 erant)
705 2854 838 2908 habendis.
882 2856 966 2920 Quare
984 2856 1073 2909 Cicero
1101 2855 1200 2923 antiqui
1222 2855 1300 2907 meris
1318 2853 1411 2906 severi-

254 2942 347 3003 tatem,¹
364 2954 414 2991 non
437 2954 498 2991 suae
520 2941 612 2992 aetatis
633 2941 815 3008 negligentiam
833 2941 981 3008 respiciens,
999 2940 1075 2992 huius
1093 2938 1217 2991 orationis
1234 2953 1291 3006 cap.
1311 2938 1357 3002 12,
1374 2936 1409 2990 30

254 3029 339 3078 ramat
363 3027 470 3089 consuli,
488 3027 513 3079 si
534 3027 614 3095 legem
635 3028 764 3081 curiatum
781 3044 833 3079 non
849 3025 957 3089 lubeat,
975 3026 1102 3094 attingere
1128 3040 1183 3078 rara
1201 3024 1342 3077 militarem
1358 3039 1411 3075 nora

255 3111 339 3164 licere.

341 3197 476 3261 Quaeritur
494 3201 588 3262 autem,
606 3198 699 3267 quibus
716 3200 909 3268 magistratibus
927 3200 984 3267 lege
1007 3198 1106 3251 curiata
1123 3212 1189 3265 opus
1206 3197 1291 3249 luerit.
1327 3194 1411 3264 Signi·

254 3283 316 3337 licat
332 3283 400 3336 haud
419 3285 495 3337 dubie
513 3284 602 3339 cicero
614 3286 639 3338 h.
653 3286 669 3339 l.
683 3287 723 3350 ll,
742 3287 775 3340 26
790 3287 920 3356 patricios
936 3286 1106 3354 magistratus
1123 3283 1268 3345 nominans,
1285 3283 1302 3334 i.
1311 3297 1334 3334 a.
1352 3296 1413 3335 con·

254 3368 331 3433 eules,
349 3372 489 3439 praetores,
508 3370 604 3422 aediles
622 3370 736 3435 curules,
754 3375 912 3439 quaestores.
947 3369 1013 3423 Nam
1030 3370 1147 3423 tribunos
1172 3371 1199 3421 ct
1216 3366 1310 3419 aediles
1328 3366 1411 3434 plebis

253 3455 330 3519 nihil,
358 3456 432 3523 quod,
455 3457 556 3524 imperii
580 3456 663 3508 simile
684 3459 765 3519 esset,
792 3457 913 3511 babuisse
930 3460 1040 3510 constat.
1083 3454 1186 3522 Reliqui
1206 3455 1291 3505 autem
1308 3452 1412 3504 interio-

253 3557 295 3595 res
321 3543 504 3611 magistratus,
532 3540 616 3595 Illviri
642 3541 780 3610 capitales,
809 3542 895 3595 IVairi
920 3543 1028 3603 viarum,
1052 3539 1136 3592 lllriri
1158 3536 1313 3600 monetales,
1339 3551 1411 3590 cura·

244 3622 349 3681 ¹tionem
376 3631 475 3681 tantum
492 3627 623 3680 habebant
639 3631 666 3680 et
682 3643 714 3680 ea
738 3630 820 3680 aetate
837 3627 917 3690 (circa
934 3642 993 3678 ann.
1011 3623 1061 3676 289
1083 3640 1107 3675 a.
1125 3621 1195 3686 Chr.)
1222 3621 1303 3674 creari
1325 3623 1411 3690 coepti

253 3715 323 3776 sunt,
342 3726 393 3780 qua
409 3712 504 3766 votens
522 3712 654 3779 religionis
671 3713 711 3765 ris
728 3713 779 3765 iam
797 3715 941 3764 evanuerat
972 3708 1023 3762 Sed
1040 3710 1130 3763 horum
1147 3707 1345 3774 magistratuum
1361 3707 1411 3760 hoc

253 3801 311 3851 erat
328 3797 475 3861 discrimen,
493 3797 562 3867 qnod
579 3798 697 3850 consules
714 3802 740 3850 et
756 3802 890 3866 praetores
907 3799 1005 3851 maiora
1023 3796 1138 3864 auspicia
1159 3794 1301 3857 habebant,
1319 3793 1412 3860 reliqui

254 3883 352 3938 aediles
370 3888 398 3938 et
414 3888 562 3953 quaestores
574 3885 681 3948 minora,
699 3901 777 3953 quare
794 3885 832 3937 illi
845 3886 963 3946 maiores,
980 3882 1007 3933 hi
1019 3882 1131 3934 minores
1146 3879 1349 3947 appellabantur,
1360 3895 1413 3947 qna

253 3970 285 4022 de
304 3985 332 4022 re
350 3971 461 4024 llessala
478 3970 547 4038 apud
564 3969 631 4025 Geli.
647 3970 719 4033 Xlll,
738 3972 768 4024 15
787 3970 890 4023 scribit:
908 3967 1077 4034 Reliquorum
1093 3964 1297 4036 anupistrotuum
1310 3964 1412 4016 minuc

254 4062 315 4108 suat
332 4056 467 4124 ανῳίοίαε
484 4054 542 4107 ideo
559 4055 601 4106 illi
609 4055 736 4118 'minores
754 4053 783 4106 li
793 4054 904 4105 maiores
920 4051 1089 4119 magistratus
1101 4048 1275 4119 appellantur.
1302 4047 1413 4100 Minori·

254 4140 301 4194 bue
323 4141 420 4194 crectis
441 4139 637 4209 magistratibus
660 4138 762 4192 tributis
785 4139 896 4192 comitiis
917 4140 1099 4209 magistratus,
1125 4138 1172 4191 aad
1193 4137 1287 4190 iustius
1309 4138 1413 4191 curiata

255 4229 336 4283 delur
359 4229 427 4298 lege,
452 4229 564 4281 maiores
586 4228 738 4280 centuriatis
764 4226 875 4279 emnitiis
894 4225 971 4291 fiunt.
1017 4224 1176 4291 Valcbatquc
1201 4223 1251 4276 hoc
1276 4222 1412 4277 discrimen

255 4316 335 4370 etiam
359 4315 392 4368 ad
419 4316 544 4368 rationem
565 4314 630 4382 legis
653 4315 766 4367 curiatae
788 4313 820 4365 de
842 4312 950 4380 imperio
972 4311 1101 4364 ferendae.
1145 4308 1247 4362 Etenim
1264 4310 1291 4361 in
1308 4310 1411 4379 regibus

254 4403 325 4457 hunc
341 4416 438 4455 morem
457 4400 598 4453 obtinuisse
615 4398 743 4463 ridemus,
762 4401 800 4463 ut,
817 4398 862 4466 qni
878 4397 958 4450 creati
975 4399 1072 4461 essent,
1087 4397 1138 4465 ipsi
1154 4396 1237 4464 legem
1255 4395 1287 4447 dc
1304 4395 1410 4463 imperio
