3550 5492
879 1645 1077 1718 ossum
1437 1737 1441 1744 Ι

684 1789 1387 1910 mmfflffl'

489 2147 686 2214 Commodius
713 2146 858 2210 fecissent
884 2142 1004 2208 tribuni
1025 2141 1303 2228 plebia-Quirites,
1324 2143 1353 2207 si
1377 2163 1460 2228 quas
1482 2142 1552 2229 apud

402 2274 456 2319 vos
480 2252 518 2316 de
539 2271 589 2315 me
617 2250 773 2330 deferunt,
806 2269 842 2311 ea
869 2267 972 2311 coram
1001 2244 1103 2331 potius
1131 2233 1181 2309 nie
1209 2249 1371 2332 praesenta
1400 2245 1554 2311 dixissent.

402 2355 482 2421 Nam
505 2359 536 2418 et
557 2352 744 2439 aequitatem
765 2356 887 2416 nostrae
915 2348 1146 2435 disceptationis
1174 2355 1206 2415 et
1233 2347 1492 2415 consuetudinem
1511 2367 1555 2414 sn·

404 2457 559 2544 periurum
581 2456 682 2521 etius
704 2473 779 2519 suae
793 2452 953 2538 potestatis
976 2451 1186 2517 retinuissent.
1219 2451 1281 2518 Sed
1295 2437 1447 2537 quoniam
1469 2450 1557 2517 adhue

427 2675 431 2682 .
490 2621 510 2661 1.
520 2622 648 2669 aequitatem
661 2622 743 2660 aeaeae
756 2618 922 2668 disceptationis.

494 2750 516 2803 l.
542 2765 629 2802 acram
652 2776 684 2785 -
707 2761 747 2799 rae
765 2752 911 2815 praesente.
952 2742 1016 2797 Cum
1038 2743 1198 2811 superiorem
1220 2745 1309 2796 contra
1329 2743 1417 2812 legem
1443 2732 1559 2812 sparton
1596 2775 1597 2800 ,

408 2836 550 2889 orationem
569 2833 683 2896 baberet,
702 2828 959 2884 ciceronianum
978 2826 1124 2895 amicosque
1141 2827 1196 2879 eius
1215 2826 1391 2891 admonuerat,
1410 2831 1449 2893 ut,
1468 2825 1560 2896 siquid

407 2924 497 2974 contra
514 2922 602 2973 essent
619 2917 720 2980 dicturi,
738 2915 766 2968 id
782 2916 809 2967 in
827 2915 946 2966 contione
963 2912 1108 2981 proferrent
1125 2930 1155 2967 ac
1172 2928 1259 2967 coram
1271 2928 1331 2982 pop.
1342 2913 1466 2972 Romano
1483 2929 1559 2969 menn

405 3007 574 3076 disputarent.
611 3003 685 3069 Quod
709 3003 758 3059 etsi
780 3003 808 3053 in
831 3017 882 3054 una
904 3004 1005 3053 tanturn
1022 3014 1064 3063 re,
1086 3015 1151 3068 quae
1174 2998 1208 3052 ad
1225 3014 1314 3069 agrum
1331 2996 1496 3068 Campanum
1512 3015 1560 3070 per·

394 3092 514 3158 ,tinebat
533 3085 799 3150 commemorarit'tS,
818 3086 864 3163 lb:
882 3087 973 3140 ueniat
989 3093 1015 3139 et
1031 3103 1119 3139 coram
1135 3102 1233 3140 mcum
1250 3087 1281 3142 de
1303 3086 1366 3155 aare·
1383 3084 1515 3158 Campani
1528 3086 1561 3139 ai

407 3178 506 3230 ea'er'ooe
525 3176 651 3243 disputet,
669 3189 719 3225 non
737 3173 821 3225 minus
840 3176 926 3226 tamen
949 3173 981 3225 de
999 3171 1056 3224 aliis
1074 3172 1188 3236 valebat,
1208 3173 1352 3241 repetitque
1372 3173 1400 3226 in
1419 3172 1496 3227 huius
1511 3188 1560 3227 ere·

408 3262 487 3315 tionis
506 3260 577 3311 exitu
594 3260 610 3321 ς
630 3260 670 3311 16.
705 3257 825 3320 Sednon
843 3261 1009 3312 occurrerunt
1025 3257 1121 3311 tribuni
1137 3259 1253 3313 inillam
1270 3258 1401 3313 Ciceronis
1424 3248 1560 3314 centonem

395 3334 546 3414 ¹potiusque
564 3343 641 3412 paulo
658 3346 806 3413 postauam
825 3343 978 3412 peculiarem
996 3342 1152 3409 habuerunt,
1174 3345 1201 3395 in
1218 3355 1271 3413 qua'
1285 3344 1368 3397 multa
1388 3344 1561 3399 concauus

408 3445 498 3485 renem
520 3428 657 3482 accusandi
680 3442 757 3480 causa
780 3426 906 3489 dicerent3
933 3427 981 3478 hoc
1004 3428 1072 3479 enim
1095 3428 1164 3481 ualet
1187 3428 1301 3495 deferre,
1319 3430 1389 3497 qnod
1405 3431 1511 3501 proprie
1527 3432 1561 3483 eet

408 3516 597 3579 accusantium,
620 3514 775 3581 criminaque
798 3512 866 3582 apud
887 3512 998 3565 iudicem
1019 3512 1195 3566 indicantium
1237 3514 1294 3567 Hoc
1321 3529 1412 3567 eorum
1434 3509 1561 3570 eonsilium

393 3602 496 3657 ¹(licere
514 3602 539 3654 b.
558 3601 575 3654 l.
593 3601 740 3667 vituperans
763 3596 855 3650 iterum
878 3597 1013 3662 admonet,
1030 3602 1072 3663 nt,
1095 3615 1152 3652 cum
1169 3602 1231 3652 tunc
1251 3601 1387 3669 provocati
1409 3601 1446 3656 ad
1458 3605 1561 3656 conbu-

406 3691 502 3744 tionem
520 3703 605 3741 coram
622 3685 717 3755 populo
731 3684 919 3753 ‘instituendam
941 3684 1028 3736 uenire
1051 3685 1192 3748 noluerint,
1217 3701 1285 3738 nuuc
1296 3684 1410 3750 'saltem
1432 3690 1561 3757 postquam

406 3777 517 3829 invicem
535 3771 770 3839 lacessiverunt-in
788 3786 861 3822 suam
879 3771 1025 3823 contionem
1044 3772 1207 3825 descendant.
1233 3771 1384 3826 Proeocaee
1401 3774 1561 3828 enimtesta-

406 3863 487 3916 sent'is
504 3864 552 3925 est,
570 3861 764 3927 provocatorem
787 3857 901 3909 uicissim
922 3857 1072 3910 lacessentis
1094 3872 1217 3910 revocare
1239 3861 1267 3910 et
1283 3859 1328 3927 qui
1349 3857 1489 3914 laemeibrs
1510 3874 1561 3913 eon·

406 3949 547 4001 tentionem
565 3946 686 4013 suscipit,
704 3945 731 3997 in
750 3945 938 3997 contentionem
956 3945 1039 4008 uenit,
1061 3945 1105 4013 qui
1123 3946 1258 4014 postquam
1281 3944 1349 4013 tagit
1371 3947 1561 4007 contentionem,

406 4034 510 4087 tandem
529 4031 673 4085 admonitus
691 4029 811 4099 suscipit,
834 4030 861 4081 in
884 4044 940 4080 earn
958 4030 1105 4083 revertitur.
1145 4030 1289 4083 lintribus
1312 4033 1399 4084 autem
1421 4030 1561 4092 commodis,
1598 4065 1599 4070 κ

406 4135 472 4188 quas
498 4119 660 4188 praesentem
686 4115 718 4168 de
749 4115 806 4183 lege
834 4115 936 4182 agraria
959 4116 1148 4168 contentionem
1170 4116 1265 4170 habere
1292 4118 1341 4181 ait,
1364 4118 1484 4187 primum
1508 4117 1560 4171 olim

408 4204 510 4257 solebat
526 4204 575 4255 hoc
587 4199 658 4269 poni,
670 4198 737 4267 quod
755 4199 852 4252 tribuni
864 4200 902 4251 ita
920 4200 1075 4266 aequitatem
1086 4206 1188 4253 vestae
1202 4201 1399 4270 disceptationis
1417 4204 1559 4258 retinerent:

406 4289 434 4341 in
452 4304 502 4355 quo
521 4288 611 4356 par'um
629 4283 762 4337 commoda
779 4285 908 4338 sententia
925 4288 973 4337 est.
1002 4284 1068 4337 Nam
1086 4285 1242 4354 aequitatem
1252 4294 1354 4340 aescae
1371 4287 1560 4360 disceptationis

406 4374 519 4426 retinere
537 4372 586 4424 boc
602 4373 717 4434 tantum,
734 4371 801 4439 quod
818 4369 984 4423 Lauredanus
1005 4371 1119 4435 uolebat,
1142 4374 1228 4439 potest
1241 4372 1396 4441 significare
1415 4377 1559 4446 aequitatem

351 4450 355 4457 ’
407 4457 499 4526 populi
517 4456 685 4524 disceptantis
704 4451 821 4519 retinere,
838 4456 963 4525 populum
980 4457 1252 4526 aequioremiudieem
1265 4460 1390 4513 obtinere.
1418 4460 1474 4515 aad
1489 4471 1558 4527 neque

409 4543 535 4611 quomodo
557 4543 605 4595 hac
625 4542 723 4597 ratione
746 4542 861 4609 aequitas
884 4559 915 4596 ac
936 4544 1081 4611 benignitas
1104 4544 1193 4613 populi
1215 4545 1355 4599 retineatur
1381 4546 1557 4614 intelligeret
1597 4549 1600 4601 ζ

411 4627 498 4689 cicero
515 4628 630 4704 iniquum
647 4626 703 4684 fieri
720 4627 843 4699 populum
861 4627 985 4684 adversus
1001 4631 1118 4685 tribunos
1137 4645 1214 4700 segre
1231 4630 1298 4684 terre
1319 4630 1440 4687 debebat
1470 4629 1555 4697 eunt
1595 4635 1600 4686 ἓ
