3550 5492
776 580 1011 647 ..140-

312 747 470 831 tribunali,
493 747 615 815 sieut'a
635 748 724 814 nobis
746 743 935 827 consulibus,
961 743 999 809 de
1013 742 1134 810 consilii
1148 742 1305 809 sententia
1325 742 1459 829 probatae

312 852 353 917 ed
381 856 619 937 praecaneret
651 851 691 916 ad
719 850 879 917 tibicinem
913 846 1163 912 immolabantur.
1216 845 1337 910 Deinde
1368 851 1461 932 patres

312 954 478 1038 conscripti
500 955 696 1019 vocabantur.
750 954 818 1018 Iam
839 972 911 1017 vero
932 950 1055 1015 vultum
1077 948 1216 1014 Considii
1237 949 1344 1014 videre
1366 950 1460 1013 serun-

315 1057 390 1122 dum
413 1057 464 1121 vir
488 1065 560 1125 orat.
607 1058 704 1137 Quem
726 1056 883 1123 hominem
904 1060 941 1120 ut
961 1052 1070 1137 grandi
1096 1052 1194 1118 macie
1219 1051 1388 1135 torridum,
1408 1051 1460 1118 Ro·

396 1249 521 1295 fereadum.
533 1265 557 1277 -
572 1248 675 1286 homiaem
689 1247 800 1296 reprendi.

312 1409 408 1463 habant
429 1406 560 1477 probati,
583 1409 670 1460 tamen
692 1404 797 1458 dubium
821 1419 872 1456 non
894 1406 946 1466 est,
969 1402 1031 1471 quin
1048 1399 1176 1472 matutae
1197 1403 1266 1455 recte
1285 1418 1300 1454 a
1317 1401 1460 1456 Lauredano

313 1493 477 1549 emendatum
495 1495 537 1547 sit
560 1521 594 1530 -
617 1491 716 1544 hostiae
738 1489 882 1543 ricimeri.
901 1505 923 1542 e.
943 1504 995 1543 non
1017 1489 1150 1542 lactentes.
1185 1489 1229 1542 Sic
1246 1488 1317 1541 enim
1335 1488 1462 1558 distinguit

310 1586 366 1653 ipse
385 1582 474 1637 Cicero
493 1580 524 1633 de
541 1579 592 1646 leg.
609 1579 641 1642 ll,
661 1577 706 1642 12,
724 1576 757 1630 29
792 1593 844 1629 oon
866 1576 1017 1629 mutandam
1033 1582 1083 1640 est,
1110 1574 1201 1645 perime
1222 1574 1314 1628 bostis
1331 1575 1461 1628 attimaro

312 1670 417 1724 trandum
435 1668 526 1735 cuique
543 1666 598 1729 deo,
617 1664 661 1718 cai
677 1661 830 1726 maioribus,
848 1663 893 1714 cai
910 1661 1073 1726 lactentibus,
1092 1662 1136 1714 eui
1154 1659 1277 1724 meritas,
1295 1660 1341 1713 cai
1351 1659 1459 1728 semitrio

310 1756 446 1811 Praetores
464 1759 547 1808 antem
566 1754 617 1822 ipsi
628 1755 763 1821 postquam
775 1752 802 1804 in
813 1751 897 1804 lorum
913 1752 1092 1820 peruenerunt,
1109 1751 1137 1803 ln
1153 1748 1276 1802 tribunali
1293 1748 1460 1802 consederunt

312 1858 341 1894 ac
358 1841 431 1894 iuxta
448 1855 492 1893 eos
510 1842 566 1892 erat
583 1838 718 1891 consiliam
736 1853 794 1890 cum
812 1836 920 1888 aliorum
931 1836 1063 1888 hominurn
1079 1835 1106 1887 in
1123 1849 1191 1887 nora
1207 1833 1310 1897 colonia
1328 1833 1461 1887 illustrium

311 1931 365 1981 tum
382 1923 531 1995 pontificum
549 1921 592 1985 (cl.
609 1921 687 1986 596).
713 1920 778 1973 Turn
796 1921 906 1990 primum
920 1919 1048 1988 prohetae
1065 1921 1126 1972 sunt
1142 1918 1242 1971 hostiae
1258 1917 1276 1970 i.
1289 1932 1312 1970 e.
1330 1917 1460 1986 diligenter

310 2015 451 2082 inspectae,
469 2026 529 2062 nurn
547 2009 663 2077 integrae
686 1990 772 2061 ess'ent
789 2009 816 2060 et
832 2021 892 2071 sae,
915 2020 979 2073 quas
1001 2004 1052 2059 diis
1070 2005 1178 2058 mactari
1198 2002 1239 2056 ias
1262 2006 1345 2068 esset;
1369 2002 1462 2071 deinde,

311 2102 448 2167 postquam
465 2094 609 2162 probarunt
626 2096 652 2146 et
663 2092 798 2146 consiliam
810 2095 837 2145 et
847 2093 899 2161 ipsi
916 2095 1056 2160 praetores,
1073 2090 1220 2144 immolatae
1232 2092 1292 2142 sunt
1303 2091 1461 2158 praecinente

313 2182 424 2243 tibicine,
442 2195 516 2246 quem
533 2180 561 2230 in
578 2179 697 2233 omnibus
715 2176 847 2232 sacrificiis
865 2177 956 2231 adesse
973 2177 1116 2246 oportebat,
1134 2176 1242 2244 denique
1255 2191 1356 2245 praeeo
1372 2176 1462 2245 populo

311 2268 412 2320 litatum
430 2279 487 2318 esse
504 2262 640 2315 nuntiavit.
677 2262 744 2326 Quid
762 2278 794 2315 ex
810 2263 859 2315 hoc
877 2263 937 2326 ritu,
954 2262 998 2331 qui
1015 2262 1042 2314 in
1060 2261 1179 2315 omnibus
1198 2257 1331 2313 sacrificiis
1349 2261 1462 2315 observa·

311 2354 394 2416 batur,
412 2348 629 2404 a·consuetudine
651 2349 801 2417 municipali
818 2348 977 2413 discesserit,
1002 2348 1106 2402 difficile
1124 2351 1164 2401 est
1185 2347 1263 2400 dictu.
1286 2344 1392 2415 ·Leges
1415 2345 1462 2414 qui·

312 2437 370 2490 dem
387 2435 418 2488 de
434 2436 476 2490 bis
494 2435 571 2488 rebus
589 2434 673 2487 nullas
691 2434 771 2488 luisse
783 2434 903 2499 arbitror,
920 2449 1017 2488 morem
1036 2437 1120 2487 autem
1132 2434 1171 2486 ita
1188 2432 1288 2496 tulisse,
1305 2436 1337 2484 ut
1348 2429 1461 2502 quicquid

310 2523 406 2574 Romae
423 2521 589 2589 magistratus
606 2519 729 2583 iacerent,
745 2519 774 2571 id
790 2519 915 2587 paulatim
932 2521 1096 2588 magistratus
1113 2517 1280 2587 municipales
1297 2518 1462 2571 imitarentur.

311 2605 364 2658 Nec
381 2606 479 2658 tamin
497 2605 605 2675 singulis
624 2605 701 2658 rebus
719 2606 855 2674 superbiae
872 2606 996 2666 indicium
1013 2610 1069 2660 erat
1085 2622 1162 2676 quam
1178 2607 1206 2658 in
1223 2604 1344 2657 omnibus
1363 2604 1463 2658 coniun-

310 2693 367 2756 ctis,
385 2691 478 2759 quibus
496 2690 620 2761 Campani
637 2707 698 2745 suae
716 2707 744 2745 se
761 2693 917 2761 reipublicae
936 2692 1038 2747 studere
1056 2692 1228 2747 ostenderent.
1245 2718 1279 2728 -
1300 2689 1406 2744 Deinde
1418 2705 1462 2759 pa

311 2786 362 2831 ires
380 2779 524 2848 conscripti
538 2777 706 2832 vocabantur.
742 2778 900 2847 Nonprobo
918 2779 1080 2848 interpretes,
1097 2778 1141 2847 qui
1158 2777 1307 2831 decuriones
1322 2776 1461 2846 Campanos

310 2863 412 2916 nomine
430 2865 530 2931 patrum
549 2863 753 2931 conscriptorum
770 2865 875 2916 ornatos
894 2878 950 2917 esse
968 2864 1107 2933 explicant.
1137 2862 1200 2928 Quis
1218 2863 1286 2916 enirn
1298 2869 1393 2932 patres
1411 2878 1463 2914 coa

310 2948 419 3017 scriptos
436 2964 530 3001 vocure
547 2947 639 3001 Latine
656 2948 694 3001 ita
710 2947 854 3015 intelligat?
888 2947 943 3001 Nec
960 2949 1058 3017 patitur
1074 2947 1102 3001 id
1118 2947 1144 3001 h.
1161 2948 1179 3001 l.
1197 2947 1319 3001 orationis
1339 2945 1462 3015 perpetui·

309 3036 358 3087 tas.
393 3034 459 3087 Nam
477 3034 631 3101 particulam
650 3034 742 3088 deiude
762 3048 812 3103 quo
831 3033 959 3101 pertinere
977 3033 1107 3086 dicemus?
1137 3032 1166 3086 si
1184 3032 1335 3086 denomino
1353 3031 1463 3085 decurio

309 3136 370 3173 nam
387 3120 567 3189 intelligemus,
584 3136 616 3174 ex
635 3136 715 3189 aequo
733 3121 782 3174 hoc
800 3119 968 3173 collocabitur
984 3119 1031 3184 iis,
1053 3134 1118 3188 quae
1140 3117 1210 3171 dicta
1232 3119 1293 3170 sunt
1313 3116 1346 3169 de
1364 3117 1461 3171 nornine

307 3205 415 3258 IIrirum
433 3211 459 3257 et
475 3204 507 3256 de
524 3204 638 3259 fascibus
656 3205 787 3275 praelatis,
805 3207 832 3269 at
849 3203 880 3255 de
898 3202 990 3254 hostiis
1013 3202 1164 3266 immolatis,
1187 3204 1357 3271 quartumque
1379 3202 1462 3270 potiar

309 3306 385 3358 quarn
403 3291 510 3342 altarum
528 3289 673 3359 Campanae
691 3290 826 3359 superbiae
842 3288 966 3341 indicium
983 3287 1040 3340 erit.
1068 3287 1151 3351 Quare
1169 3302 1216 3340 nos
1232 3288 1282 3339 hoo
1299 3287 1332 3340 de
1351 3286 1466 3341 decurio·

308 3375 385 3427 nibus
403 3375 559 3438 convocatis,
576 3375 604 3427 in
621 3376 720 3428 curiam
732 3375 829 3429 coactis
840 3374 1017 3444 intelligimus.
1043 3374 1183 3444 Postquam
1201 3375 1233 3427 de
1244 3374 1348 3427 nomine
1358 3374 1462 3428 ilrirun

308 3461 414 3525 questus
431 3460 483 3522 eat,
506 3458 627 3511 describit
648 3473 770 3527 pompam
787 3459 917 3513 ilriralem
937 3476 1002 3529 quae
1020 3476 1037 3512 a
1053 3459 1171 3514 domibus
1189 3460 1298 3513 Ilrirmn
1314 3475 1363 3528 per
1380 3460 1461 3514 iorum

308 3547 335 3599 in
353 3545 448 3600 curiam
466 3545 536 3599 facta
552 3547 601 3599 est.
636 3545 789 3600 Rectissime
806 3531 888 3615 igitur.
904 3547 940 3599 ait
955 3546 1070 3616 priam
1087 3545 1118 3598 de
1136 3546 1238 3600 nomine
1255 3545 1352 3610 dicens,
1373 3545 1463 3601 deiude

308 3646 418 3701 pompae
431 3630 629 3699 descriptionem
641 3631 780 3699 incipiens:
797 3632 880 3701 ipsam
894 3635 978 3686 autern
990 3647 1111 3700 pompam
1129 3646 1161 3684 ex
1177 3632 1215 3685 rei
1232 3631 1330 3697 ordine,
1349 3635 1378 3685 ut
1390 3632 1462 3686 domo

307 3716 487 3785 processerint,
506 3718 535 3768 ut
551 3715 578 3767 in
594 3714 650 3770 foro
668 3715 842 3781 consederint,
865 3720 895 3770 ut
911 3718 1008 3771 hostias
1025 3717 1187 3782 immolarint,
1205 3719 1233 3770 ut
1250 3702 1369 3771 senatum
1390 3732 1463 3772 voca·

307 3802 366 3866 rint,
383 3801 499 3870 exponit.
534 3801 617 3865 Quare
635 3801 743 3854 alterum
760 3803 852 3856 deiude
869 3804 984 3872 intellige
1001 3802 1131 3872 deinceps,
1143 3807 1280 3873 postquam
1297 3804 1400 3858 litatum
1417 3806 1463 3858 ost.

307 3888 362 3941 Nec
384 3891 470 3940 tamen
494 3885 583 3942 Cicero
605 3902 657 3941 non
683 3888 796 3956 queritur
822 3892 910 3957 patres
932 3890 1092 3957 conscriptos
1118 3903 1175 3942 esse
1202 3889 1355 3943 nominatos.
1400 3889 1463 3943 Nan

306 3973 444 4026 utebantur
465 3973 539 4026 IIviri
561 3973 651 4027 eadem
673 3974 854 4028 convocandae
881 3977 966 4030 curiae
992 3975 1116 4041 formula,
1143 3991 1193 4044 qua
1216 3976 1326 4029 Romani
1348 3976 1463 4030 consules

306 4059 335 4111 in
352 4059 445 4111 senatu
461 4056 588 4126 cogend03
614 4056 679 4110 alias
702 4058 803 4127 quidem
826 4063 912 4128 patres
935 4063 1076 4130 conscripti
1097 4077 1228 4131 nunquam
1250 4061 1281 4114 de
1304 4062 1377 4115 curia
1400 4061 1464 4115 colo

308 4146 407 4198 uiarum
425 4147 470 4197 aut
486 4144 683 4213 municipiorum
708 4149 858 4214 usurpatum
876 4150 924 4200 est.
945 4176 977 4186 -
989 4148 1139 4216 scandata.
1175 4146 1220 4201 Sic
1237 4162 1325 4200 omnes
1343 4147 1370 4202 h.
1388 4148 1406 4202 l.
1425 4162 1464 4201 co·

307 4231 377 4284 dices
395 4231 499 4295 habent,
518 4233 546 4284 ut
563 4245 642 4299 supra
658 4232 673 4298 ξ
690 4231 721 4285 91
741 4233 874 4302 capiendi.
918 4233 991 4286 Alias
1008 4232 1133 4288 eiusmodi
1155 4232 1251 4286 formas
1275 4248 1322 4301 per
1343 4233 1392 4287 has
1410 4248 1465 4287 ora-

309 4318 392 4371 tiones
415 4330 467 4368 non
496 4316 663 4371 animadverti
689 4317 826 4386 eademque
854 4318 997 4372 constantia
1013 4318 1028 4382 ξ
1046 4317 1080 4372 95
1097 4332 1186 4371 omnes
1210 4317 1270 4370 libri
1293 4332 1341 4372 ms.
1353 4316 1463 4385 serendo

308 4402 439 4473 praebent
484 4401 566 4475 Quod¹
580 4406 666 4456 autem
691 4402 808 4458 Concidit
833 4408 881 4469 est,
907 4403 1136 4459 vetustissimorum
1163 4403 1291 4456 editorum
1316 4404 1464 4456 coniectura

308 4487 406 4552 extitit3
424 4503 485 4540 nam
503 4488 603 4544 codices
621 4490 736 4544 scribunt
754 4490 865 4544 consilii.
884 4519 917 4529 -
934 4498 964 4543 at
978 4491 1077 4560 praedi
1087 4491 1169 4543 macie
1187 4490 1322 4543 torridam.
1346 4490 1463 4544 Editoros

307 4588 376 4629 nuno
398 4588 500 4641 omnes,
522 4577 590 4644 quod
606 4577 774 4631 Lauredanns
792 4578 916 4642 coniecit,
932 4578 1061 4647 oeproade'
1080 4577 1164 4630 macie
1190 4575 1318 4629 torridam
1340 4576 1463 4639 scribunt,

308 4658 439 4719 natum
454 4676 560 4734 prorsus
579 4661 696 4719 Oioaroni
716 4662 858 4723 tribuentes
875 4662 1036 4717 vocabulum.
1075 4661 1143 4716 Nam
1159 4660 1300 4731 vepraadis
1324 4660 1370 4713 ubi
1392 4674 1462 4729 repa·
