3550 5492
763 587 998 653 -147-

298 774 416 821 novem
436 753 546 818 urbem
568 751 607 816 ad
622 755 777 816 certamen
793 747 955 833 dignitatis
970 750 1177 834 opponeretis:
1199 755 1236 815 ut
1249 752 1307 817 sub
1322 758 1462 820 vestrum

298 859 363 942 ius,
387 856 644 938 iurisdictionem,
659 859 842 941 potestatem
855 853 959 936 urbes,
981 851 1132 936 nationes,
1146 855 1330 940 provincias,
1350 857 1462 925 liberos

298 961 443 1049 populos,
465 982 561 1045 reges,
584 967 738 1026 terrarum
766 958 899 1043 denique
927 957 1032 1024 orbem
1058 957 1299 1043 subiungeretis:
1327 967 1364 1027 ut
1391 984 1461 1029 eum

299 1237 465 1308 intelligitur,
482 1241 558 1294 certe¹
569 1240 616 1303 est,
634 1236 678 1306 qui
696 1235 764 1304 agit:
781 1235 831 1287 hee
849 1238 934 1287 antem
951 1233 1009 1288 leco
1021 1231 1110 1287 Cicero
1128 1230 1160 1286 de
1177 1233 1210 1286 iis
1227 1234 1333 1302 cogitat,
1349 1237 1392 1307 qui
1404 1253 1461 1293 cum

299 1323 366 1377 nihil
383 1323 434 1393 ipsi
453 1324 558 1390 agerent
575 1320 675 1389 ipsique
692 1321 719 1372 in
737 1319 845 1372 obscuro
859 1319 932 1386 quasi
951 1320 1027 1386 atque
1044 1318 1076 1384 in
1083 1316 1190 1386 specula
1206 1321 1346 1384 manerent,
1358 1320 1462 1375 Rullum

300 1413 389 1462 umen
405 1412 436 1462 ut
453 1409 536 1477 legem
553 1406 640 1469 ferret,
658 1408 798 1468 mouerant,
816 1404 848 1456 de
866 1402 977 1457 (laesere
994 1403 1105 1456 maxime
1122 1407 1148 1456 et
1165 1401 1272 1469 Crasso,
1296 1420 1360 1473 quos
1383 1421 1462 1476 supra

300 1496 315 1560 ξ
333 1488 369 1548 63
386 1497 412 1548 et
429 1494 463 1548 65
479 1496 547 1547 tecte
564 1493 731 1560 vituperaret.
765 1492 799 1544 Hi
819 1494 904 1543 anum
922 1497 1041 1543 cuetmes
1058 1493 1129 1545 recte
1145 1491 1310 1545 nominantur
1326 1491 1400 1558 (cist
1410 1493 1461 1555 lt).

300 1580 354 1635 Sed
370 1581 447 1648 longe
464 1579 628 1633 mendosicra
645 1582 705 1649 sunt
728 1578 849 1646 deinceps
874 1578 944 1630 baec·
956 1577 983 1629 in
1001 1577 1144 1631 codicibus:
1166 1584 1196 1630 et
1215 1584 1305 1632 cetera
1321 1577 1461 1646 uectigalia

301 1682 334 1720 ea
351 1667 490 1735 expleretr's
506 1683 574 1719 noce
589 1665 650 1718 arbi
666 1665 703 1718 ad
718 1671 848 1718 certarnen
870 1663 1007 1731 dignitatis
1025 1664 1188 1733 opponeretis
1210 1679 1293 1732 neque
1316 1664 1368 1717 ulla
1385 1665 1412 1716 in
1428 1665 1461 1718 iis

301 1755 342 1806 est
358 1752 469 1822 insignis
486 1752 607 1817 uarietas,
625 1752 675 1804 nisi
687 1750 756 1820 quod
774 1751 913 1803 deteriores
930 1749 1060 1803 foronovo
1076 1749 1173 1803 habent
1190 1753 1217 1803 et
1228 1749 1256 1803 in
1272 1752 1387 1803 extrema
1398 1763 1462 1804 unce

301 1838 466 1908 opponeretis
477 1822 601 1906 peceant3
626 1853 686 1890 nam
703 1852 768 1906 qnae
785 1837 812 1889 in
833 1851 884 1889 nno
902 1833 966 1903 Lag.
984 1835 999 1888 'l
1019 1835 1051 1888 ab
1075 1835 1156 1889 altera
1176 1851 1255 1889 manu
1276 1839 1376 1891 mutata
1393 1840 1462 1899 sunt,

302 1937 334 1976 ea
351 1923 523 1987 coniecturae,
540 1939 591 1976 non
608 1921 669 1974 fidei
686 1921 818 1975 debentur.
851 1919 946 1973 Verum
965 1936 1030 1989 quae
1048 1921 1185 1975 traduntur
1207 1937 1264 1975 cnm
1281 1921 1393 1990 intelligi
1409 1938 1461 1975 non

301 2023 380 2077 pesse
397 2011 538 2072 constaret,
555 2008 629 2060 multi
647 2007 746 2061 librarii
764 2008 882 2061 lacunam
900 2022 957 2060 esse
975 2010 1120 2061 statuerunt
1141 2009 1218 2062 unius
1236 2024 1326 2064 versus
1343 2009 1384 2062 rel
1402 2014 1463 2078 post

301 2110 390 2150 rocem
407 2095 605 2163 vestigatione!
623 2099 683 2164 post
703 2094 767 2147 illud
784 2094 928 2163 quoderat
950 2109 1026 2159 aeno,
1051 2094 1262 2165 credideruntque
1284 2096 1321 2148 ita
1343 2095 1462 2159 editores,

301 2181 331 2232 ut
348 2178 478 2246 duplicem
495 2178 614 2232 lacunam
631 2182 739 2247 utroque
757 2194 832 2247 quem
850 2177 961 2232 dinimm
977 2180 1036 2233 loeo
1055 2180 1178 2234 accidisse
1195 2181 1382 2235 existimarent
1411 2179 1462 2233 lias

304 2264 460 2333 antiquiores
477 2264 667 2332 llerragianam
684 2265 857 2317 recensionem
875 2267 958 2318 secuti
974 2267 1011 2319 ita
1029 2267 1177 2337 explerunt,
1200 2272 1230 2322 nt
1247 2268 1462 2322 continuationem
1529 2286 1530 2290 ¹

303 2352 446 2404 annuntias
471 2351 652 2405 abscindentes
674 2351 815 2404 scriberent
836 2359 925 2404 vetera
948 2354 1089 2421 vectigalia
1111 2354 1257 2409 venderet&
1280 2361 1306 2408 et
1325 2355 1463 2424 expleretis
1576 2350 1578 2355 ⁴

302 2452 378 2490 soca.
426 2435 491 2491 Urbi
515 2436 631 2507 Capuam
649 2438 686 2490 cd
707 2445 837 2492 certarnen
854 2439 991 2507 dignitatis
1008 2457 1136 2511 opponere
1153 2443 1207 2506 vie,
1233 2449 1263 2494 at
1283 2440 1338 2504 sub,
1360 2441 1391 2495 P.
1410 2443 1463 2495 Ma·

302 2523 389 2576 uub'us
406 2523 484 2590 paulo
507 2523 656 2576 concinnius
678 2530 767 2576 cetera
792 2524 934 2590 ceetipatie
956 2525 1100 2579 tenderetis
1125 2532 1151 2579 et
1172 2527 1310 2595 exploretis
1331 2543 1413 2591 neve,
1434 2534 1465 2580 ut

302 2607 363 2660 arti
381 2606 499 2675 Gapucrn
516 2634 549 2645 —
567 2609 738 2676 opponeretis,
756 2608 905 2676 addiditque
916 2610 964 2662 hoc
973 2610 1121 2676 Lambinus,
1138 2616 1167 2665 ut
1184 2628 1236 2666 non
1254 2614 1400 2682 exploretis,
1417 2613 1464 2667 sed

302 2690 454 2759 ecpilnretis
472 2690 571 2753 ederet3
595 2691 765 2743 recentissimi
782 2691 891 2758 denique
909 2693 1036 2757 editores,
1053 2695 1098 2761 qui
1115 2710 1192 2762 quam
1214 2695 1260 2748 illa
1282 2699 1464 2767 supplementa

301 2780 401 2834 incerta
411 2782 568 2843 essentcnm
576 2778 771 2843 riderent,nibil
780 2782 882 2846 praeter
891 2779 992 2834 codices
1002 2781 1162 2846 addiderunt,
1170 2782 1216 2835 sed
1224 2782 1372 2837 lacunarum
1381 2784 1464 2853 signis

303 2866 428 2935 appositis
446 2866 563 2919 mutilum
576 2866 661 2918 locum
677 2866 842 2933 reliquerunt.
873 2865 1021 2920 Communis
1034 2867 1114 2934 igitur
1126 2868 1239 2920 omnium
1256 2868 1383 2921 editorum
1400 2869 1463 2921 baec

304 2956 342 3007 sc
359 2952 456 3020 opinio,
474 2957 503 3005 ut
520 2952 584 3005 duas
602 2967 660 3007 esse
677 2951 783 3004 lacunas
801 2937 933 3015 censeant,
950 2955 980 3005 ut
996 2953 1122 3020 inpriore
1139 2953 1265 3005 senentis
1283 2952 1315 3005 de
1332 2952 1463 3021 vectigali-

304 3035 350 3091 bus
368 3038 504 3104 corruptis,
521 3038 548 3089 in
572 3036 653 3089 altera
671 3036 703 3088 de
720 3035 852 3105 Campana
866 3035 967 3090 colonia
990 3039 1090 3104 agatur.
1125 3036 1180 3091 Nos
1202 3037 1305 3110 quidem
1326 3053 1387 3090 num
1409 3037 1464 3105 qui-

303 3120 410 3175 busdam
428 3121 559 3175 codicibus
577 3136 625 3174 ms.
643 3121 746 3174 omnino
765 3121 797 3173 de
814 3120 907 3174 lacuna
926 3119 1030 3173 credere
1045 3121 1192 3186 debeamus,
1209 3121 1374 3175 uehementer
1390 3121 1465 3174 dnbi-

303 3208 398 3260 tamus:
428 3206 472 3274 qui
497 3206 524 3258 in
546 3206 594 3259 boc
616 3207 674 3274 ipse
696 3205 845 3259 lacunarum
873 3219 966 3273 genere
989 3221 1065 3273 quam
1087 3205 1140 3259 sint
1164 3204 1215 3258 fide
1239 3206 1341 3277 indigni
1363 3206 1464 3263 dnobus

303 3292 427 3361 exemplis
447 3293 551 3347 docebo.
592 3293 659 3346 Nam
681 3294 750 3346 infra
766 3295 781 3358 ξ
799 3293 832 3347 99
850 3295 877 3346 in
902 3293 1021 3347 omnibus
1044 3296 1146 3362 praeter
1167 3309 1246 3346 unum
1270 3293 1321 3349 duo
1337 3295 1464 3349 uocabula

305 3376 431 3430 excidisse
449 3377 620 3440 ostendemus,
638 3392 685 3429 nec
703 3381 789 3429 tamen
806 3377 872 3430 ullus
891 3378 1009 3431 lacunam
1028 3382 1141 3445 annotat,
1159 3382 1249 3433 contra
1265 3381 1280 3445 ξ
1297 3379 1345 3445 92,
1363 3382 1407 3434 ubi
1425 3385 1465 3434 est

303 3460 389 3514 onina
397 3450 446 3514 ub
454 3467 532 3531 utque
543 3461 664 3531 auspicia
673 3460 710 3515 M.
721 3461 808 3524 Bruti,
818 3477 913 3529 magna
923 3480 985 3531 pars
1003 3465 1121 3519 lacunam
1129 3466 1216 3530 babet,
1227 3465 1271 3518 ubi
1280 3466 1343 3519 nibil
1357 3482 1463 3535 prorsus

303 3542 382 3614 mest
417 3545 502 3610 Quare
523 3562 581 3602 cnm
604 3545 735 3601 codicibus
752 3548 847 3600 nostris
863 3548 927 3602 nibil
948 3551 976 3604 in
994 3552 1042 3605 hoc
1064 3564 1157 3620 genere
1180 3551 1318 3605 debeamus
1340 3551 1463 3614 tribuere,

302 3646 363 3689 uum
381 3633 510 3685 sententia
526 3632 642 3700 postulat
657 3631 794 3686 lacunam?
835 3633 953 3691 liditeres
969 3638 1067 3706 priores
1085 3638 1123 3690 ita
1140 3639 1287 3706 explemnt,
1307 3637 1462 3691 recentiores

300 3718 337 3774 ita
359 3721 516 3789 reliquerunt
538 3721 658 3784 lacunas,
684 3724 712 3773 nt
736 3720 768 3773 de
791 3722 961 3790 uectigalibus
979 3723 1090 3776 venditis
1113 3722 1188 3775 etde
1207 3721 1338 3790 Campana
1362 3722 1464 3776 colonia
1501 3744 1503 3748 ·
1570 3742 1577 3755 ¹

301 3791 413 3860 &ducta
431 3805 540 3870 dicatur,
557 3823 609 3875 qua
625 3822 653 3859 re
671 3821 770 3859 omnem
793 3806 892 3861 ordinis
914 3809 1039 3861 rationem
1063 3809 1222 3877 perturbant.
1256 3807 1397 3877 Numquis
1416 3807 1463 3861 Ga-

300 3903 369 3958 puae
388 3891 544 3944 mentionem
561 3891 629 3944 inter
646 3905 684 3954 ea,
702 3906 768 3960 qnae
785 3891 817 3944 de
829 3892 993 3960 uectigalium
1005 3894 1152 3946 venditione
1165 3897 1234 3958 suut,
1250 3895 1362 3948 interiici
1379 3895 1463 3948 terat?

298 3972 392 4031 Potest
408 3977 495 4046 utique
513 3979 663 4032 alterutmm
680 3981 887 4045 commemorari,
904 3984 934 4034 ut
956 3984 1002 4034 aut
1020 3980 1109 4049 Capua
1131 3981 1314 4049 praetermissa
1336 3982 1368 4036 de
1385 3982 1464 4035 recti·

298 4063 406 4132 wihus
424 4066 545 4131 uenditis,
562 4071 617 4119 tum
635 4067 667 4120 de
686 4067 756 4120 orbis
769 4072 894 4123 terrarum
910 4070 1095 4135 iurisdictione,
1112 4073 1167 4122 tum
1179 4069 1211 4122 de
1223 4069 1333 4138 pecunia
1349 4067 1462 4121 aXviris

298 4147 426 4217 imposita
443 4149 521 4215 dicat,
539 4154 584 4204 aut
601 4151 765 4219 uectigalium
778 4149 908 4207 mentioire
926 4155 1030 4219 omissa,
1049 4170 1114 4223 quae
1131 4157 1229 4221 postea,
1246 4155 1293 4207 nbi
1304 4153 1335 4206 de
1353 4153 1463 4222 pecunia

298 4233 428 4303 disputat,
445 4239 509 4291 satis
527 4238 651 4306 explicari
667 4238 793 4305 rideatur,
811 4245 911 4294 tantum
929 4242 961 4295 de
978 4242 1110 4311 Campana
1127 4242 1230 4296 colonia
1247 4241 1349 4295 efferata
1366 4237 1463 4293 utrum-

299 4334 351 4388 qne
368 4323 490 4392 coniungi
507 4339 592 4376 rernm
610 4324 689 4377 series
707 4339 758 4377 non
776 4326 882 4393 patitur.
915 4326 969 4379 lam
986 4330 1102 4380 extrema
1117 4326 1162 4381 illa
1179 4326 1216 4379 ad
1233 4333 1361 4381 eutem
1378 4324 1463 4394 digni-

301 4407 366 4461 tare
384 4409 555 4476 oppetemus,
573 4409 668 4477 quippe
690 4425 757 4476 quae
781 4411 948 4463 commmsiter
964 4411 992 4463 in
1015 4411 1145 4465 codicibus
1169 4410 1315 4476 tradantur,
1338 4413 1409 4464 certa
1424 4411 1463 4463 ui·

302 4490 397 4545 dentur
413 4509 484 4547 esse:
514 4508 579 4562 quae
602 4492 730 4560 quomedo
748 4492 781 4545 ad
799 4493 956 4562 Campanam
978 4496 1103 4550 coloniam
1125 4511 1178 4549 non
1199 4495 1344 4549 referantur
1365 4495 1461 4548 nescio.

302 4576 394 4646 ltaque
410 4580 462 4633 hnc
478 4580 611 4634 retulimus
623 4593 781 4648 erroresque,
798 4585 828 4637 ut
844 4581 912 4635 solet
928 4582 956 4656 in
968 4581 1211 4646 codicibusnostris
1228 4580 1352 4645 accidere,
1368 4580 1395 4632 in
1412 4582 1462 4632 ter-

303 4664 490 4739 minationibus
508 4666 562 4721 tere
578 4680 670 4721 uocum
686 4668 879 4738 ecnumpendia
896 4674 1013 4727 versatos
1029 4687 1087 4727 esse
1103 4670 1260 4739 putarimus,
1276 4668 1359 4721 maius
1375 4671 1461 4720 autem

1205 4752 1256 4810 10·
