3550 5492
778 551 991 617 „30-

307 739 360 783 vos
393 715 551 781 uolueritis
581 714 618 778 dc
648 713 776 798 privatis
811 714 1033 779 hereditatibus
1068 713 1282 779 centumviros
1317 714 1460 781 iudicare?

307 820 426 885 Deinde
448 819 517 903 quis
540 823 609 900 aget
634 837 758 881 causam
780 817 886 902 populi
908 814 1059 881 Romani?
1103 815 1164 880 Ubi
1186 836 1236 881 res
1260 817 1327 881 ista
1350 814 1460 901 agetur?

308 926 367 1002 Qui
391 930 465 989 sunt
485 924 536 988 isti
550 922 648 1003 Xviri,
671 943 747 1005 qnos
762 920 983 1007 perspiciamus
999 939 1128 1002 regnum
1143 918 1362 986 Alexandriae
1377 920 1462 987 Ptole·

307 1048 394 1091 maeo
424 1027 518 1110 gratis
547 1022 793 1089 adiudicaturus?
843 1023 918 1099 Quo·
930 1022 958 1087 si
979 1022 1015 1087 L.
1038 1021 1126 1086 Cotta
1152 1020 1188 1085 L.
1211 1020 1379 1107 Torquato
1406 1045 1461 1089 cou-

309 1131 428 1196 sulibus
451 1135 661 1210 cucurrerunt,
679 1149 733 1192 cnr
754 1147 817 1192 non
839 1132 952 1212 aperte,
975 1130 1140 1207 abantea,
1162 1146 1220 1191 cur
1241 1146 1309 1191 non
1333 1127 1421 1211 item,
1439 1134 1462 1193 ut

393 1331 570 1372 adiudicaturoat
604 1330 696 1377 Quodsi
709 1328 844 1368 Maeandria
859 1327 983 1376 petebatur,
1003 1337 1042 1366 eur
1059 1335 1101 1365 non
1123 1326 1206 1365 comm
1224 1335 1307 1367 curm
1322 1326 1368 1367 boc
1385 1330 1462 1377 tenpore

309 1409 359 1447 quos
374 1398 396 1440 L.
410 1400 477 1440 Cotta.

309 1546 388 1614 incipi
406 1545 529 1598 diximus:
549 1558 627 1611 qnare
639 1541 766 1609 particula
785 1549 837 1594 tum
855 1542 949 1596 rectius
969 1557 1093 1606 curamue,
1113 1544 1234 1610 caretque
1252 1542 1340 1597 altera
1359 1544 1462 1615 superior

308 1632 429 1700 apodosis
446 1630 584 1699 particula:
603 1629 649 1682 sed
663 1629 802 1696 aegerrime
820 1644 936 1682 caremus
948 1628 1125 1697 interrogandi
1137 1628 1266 1697 particula
1280 1629 1463 1684 difficultatem

308 1733 357 1786 que
377 1702 553 1784 aliquam'snb
573 1731 603 1767 ea
620 1730 683 1768 uoce
702 1714 781 1767 latere
800 1716 856 1784 ipsa
874 1715 991 1768 codicum
1004 1716 1115 1768 varietas
1132 1715 1238 1769 indicat.
1266 1714 1308 1768 De
1327 1715 1464 1785 Ouirinqui

307 1802 399 1854 deinde
417 1803 653 1864 commemorantur,
671 1800 754 1853 dicere
773 1800 876 1853 difficile
895 1805 948 1865 est;
966 1816 1048 1868 neque
1066 1801 1134 1853 enim
1156 1800 1260 1869 quando
1279 1801 1402 1857 instituti
1417 1802 1463 1865 siut,

308 1886 434 1956 quomodo
453 1884 510 1937 fieri
531 1885 691 1947 consuerint,
714 1900 791 1953 qnam
813 1888 968 1953 potestatem
985 1884 1121 1939 habuerint
1142 1887 1252 1938 constat.
1295 1885 1357 1939 Hoc
1375 1887 1464 1947 mma

309 1974 389 2026 fnisse
410 1973 508 2024 electos
531 1972 612 2035 (sorte
639 1971 721 2023 factos
739 1971 853 2039 appellnt
870 1970 919 2024 Dio
944 1970 1016 2025 Cass.
1032 1970 1103 2035 LIV,
1122 1971 1178 2036 26),
1200 1970 1283 2025 nasse
1308 1973 1465 2041 quinqueet

310 2062 412 2112 centnm
431 2057 514 2121 (Paul.
533 2057 601 2126 apud
619 2057 689 2110 Fest.
708 2074 729 2110 s.
747 2059 782 2123 r.)
800 2058 841 2111 uel
868 2060 999 2128 octoginta
1022 2062 1048 2112 et
1071 2061 1173 2112 centnm
1191 2058 1269 2123 (Plin.
1293 2074 1338 2128 ap.
1358 2056 1413 2125 VI,
1425 2057 1465 2123 bbt

312 2143 458 2213 praefuisse
477 2147 552 2196 antea
570 2145 730 2211 quaestorios
748 2145 830 2209 uiros,
854 2149 909 2197 tum
928 2146 960 2197 ab
978 2145 1095 2214 Augusto
1110 2144 1205 2197 Xuiros
1224 2142 1346 2200 stlitibus
1365 2138 1466 2199 indicae

310 2230 349 2282 dis
368 2227 448 2292 (Suet.
468 2229 534 2295 Aug.
554 2227 606 2292 36),
624 2228 752 2281 indicasse
770 2229 845 2281 modo
868 2229 1014 2293 universos,
1032 2229 1108 2282 modo
1130 2229 1157 2281 in
1175 2228 1286 2283 consilia
1303 2229 1418 2295 diuisos,
1431 2228 1465 2283 be·

310 2317 421 2370 crevisse
439 2316 547 2383 denique
571 2331 628 2368 eum
647 2316 678 2368 de
697 2316 753 2369 aliis
771 2317 861 2369 litibus
885 2319 939 2368 tum
958 2316 989 2369 de
1013 2315 1197 2368 hereditatibus
1220 2316 1420 2382 controuersia,
1441 2315 1465 2369 oi

310 2402 429 2469 miliaque
447 2403 497 2456 alia
509 2404 652 2466 traduntur,
662 2420 735 2472 ·quae
746 2404 788 2456 hic
806 2419 935 2473 exponere
948 2407 1024 2473 atque
1042 2403 1197 2467 examinare,
1214 2418 1275 2455 cum
1288 2402 1359 2457 leuis
1378 2406 1465 2457 tantun

310 2502 398 2541 eornm
417 2490 512 2541 mentio
536 2487 596 2552 fiat,
618 2488 709 2540 inutile
732 2492 779 2542 est.
801 2487 853 2541 Sed
874 2488 942 2557 qnod
965 2489 1002 2541 ait
1023 2489 1134 2556 primum
1156 2487 1329 2543 bereditatern
1346 2488 1464 2549 iudicare,

311 2573 402 2625 deinde
421 2573 452 2626 de
470 2573 655 2626 hereditatibus
667 2573 794 2637 iudicare,
812 2573 954 2626 notandum
967 2576 1014 2637 est,
1032 2587 1084 2625 non
1101 2572 1137 2625 ita
1150 2570 1330 2639 dubitandum,
1349 2576 1465 2644 ntpriort

309 2660 366 2714 loco
389 2663 450 2715 item
474 2663 630 2731 praepositio
654 2662 685 2715 cle
707 2677 754 2730 pro
778 2663 925 2716 accusativo
949 2662 1100 2729 corrigatur.
1145 2660 1212 2712 Nam
1234 2659 1356 2714 iudicare
1380 2656 1464 2731 aliquid

310 2764 362 2800 non
380 2750 480 2801 tantum
499 2751 540 2801 est
556 2748 722 2816 pronuntiare
742 2747 848 2815 aliquid,
866 2750 895 2798 nt
912 2744 1025 2810 §esest
1040 2762 1130 2798 veruna
1147 2743 1282 2808 iudicabit,
1300 2746 1365 2811 §40
1375 2745 1463 2815 salu!

310 2832 414 2895 iudicet,
432 2847 521 2885 nerum
541 2833 618 2885 etism
635 2833 759 2885 iudicium
777 2832 843 2884 ferre
861 2831 892 2883 de
908 2831 994 2898 aliqua
1011 2846 1047 2894 re,
1066 2833 1142 2898 atque
1160 2830 1198 2882 ita
1213 2844 1266 2883 non
1283 2830 1374 2885 modo.
1384 2844 1464 2901 prono

310 2921 379 2971 mina
397 2919 533 2985 adduntur,
551 2920 598 2973 sed
616 2921 693 2973 etiam
711 2919 881 2984 substantiva,
904 2934 933 2972 ac
951 2918 1068 2984 vulgaria
1091 2920 1150 2970 sunt
1167 2933 1209 2970 rea
1226 2915 1379 2983 iudicatae,
1396 2932 1463 2973 casu

310 3004 429 3056 lardicata
446 3004 544 3073 Ictiqne
569 3005 632 3057 adeo
656 3005 769 3057 domines
791 3004 920 3056 iudicatos
943 3003 1076 3071 appellant
1098 3017 1156 3067 eoa,
1179 3000 1210 3055 de
1233 3002 1329 3070 quibus
1351 3003 1464 3071 iuditium
1490 3020 1493 3025 ·

311 3089 426 3142 habitum
449 3095 497 3144 est.
525 3118 559 3128 —
583 3089 647 3152 Quis
670 3097 731 3158 apel
747 3105 853 3141 eausam
871 3104 935 3157 pop.
957 3087 1045 3152 Rom,
1063 3088 1080 3141 i,
1099 3103 1121 3142 e.
1144 3089 1202 3156 quis
1224 3086 1350 3143 defendet
1371 3102 1463 3145 mutan

312 3191 373 3244 pop.
390 3177 509 3240 Romani,
528 3193 558 3229 ac
575 3177 612 3229 sic
629 3176 726 3244 pergit:
745 3176 820 3244 quale
839 3179 878 3228 est
897 3173 1032 3228 consilium
1044 3175 1165 3239 indicum,
1184 3174 1253 3243 apud
1270 3190 1338 3244 quos
1355 3192 1401 3231 res
1417 3188 1465 3245 age

312 3266 372 3313 tur?
409 3261 438 3314 Si
455 3261 506 3315 fide
524 3263 596 3331 digni
613 3266 701 3316 essent
717 3263 801 3327 Xuiri,
818 3266 908 3331 posset
925 3262 1035 3316 fortasse
1053 3263 1129 3316 etiam
1147 3263 1202 3316 sine
1218 3277 1281 3333 pop.
1301 3262 1417 3315 Romani
1430 3276 1465 3331 pr·

311 3349 387 3399 trono
406 3349 475 3400 recte
493 3347 613 3400 iudicari:
640 3363 708 3400 nnnc
727 3347 840 3401 camilli
861 3347 962 3415 indigni
980 3349 1045 3413 sint,
1068 3348 1138 3401 uallo
1163 3347 1239 3400 modo
1266 3346 1334 3401 illud
1349 3346 1465 3403 iudicium

311 3432 373 3486 ferri
392 3448 466 3501 posse
484 3433 622 3502 significat.
647 3462 680 3473 -
705 3434 761 3497 Quo
779 3436 804 3488 sl
827 3464 861 3473 -—
879 3443 1062 3500 cucurrerunt,
1086 3452 1134 3489 cur
1150 3452 1202 3488 aon
1219 3441 1323 3504 aperte,
1339 3441 1375 3489 ut
1389 3441 1465 3493 uam.

311 3535 359 3572 cur
375 3537 426 3572 non
443 3520 519 3584 item,
536 3528 565 3573 ut
584 3528 648 3585 run,
667 3521 768 3575 decreto
791 3551 824 3560 -
838 3523 979 3592 petierunt.
1015 3523 1096 3592 Tmpi
1118 3522 1318 3591 interpolatione
1339 3520 1467 3577 laborabat

310 3605 351 3658 bic
370 3605 454 3670 locus,
476 3607 519 3674 qni
545 3607 639 3659 virt-ute
662 3607 719 3660 cod.
737 3607 801 3676 Lag.
819 3609 834 3661 9
853 3625 868 3661 θ
885 3609 961 3662 nobis
978 3608 1128 3662 emendatus
1145 3610 1193 3661 est.
1228 3606 1333 3661 Etenim
1350 3609 1393 3662 sic
1408 3608 1467 3676 lege

311 3692 398 3745 batur:
428 3691 504 3754 Quod
520 3693 545 3745 si
561 3692 727 3746 Alexandria
745 3692 897 3762 petebatur,
915 3710 963 3746 eur
980 3709 1031 3746 non
1053 3693 1153 3747 eosdem
1176 3708 1267 3745 cursus
1288 3690 1338 3744 bac
1362 3699 1467 3763 umpue

311 3794 374 3846 quos
391 3777 420 3830 l..
440 3777 515 3832 Cotta
533 3779 561 3831 l..
582 3778 713 3848 Torquato
732 3780 877 3833 consulibus
895 3783 1083 3834 cucurrerunt?
1099 3796 1146 3833 cur
1163 3796 1215 3832 nore
1226 3785 1327 3848 aperte,
1344 3786 1377 3833 ut
1389 3784 1467 3839 caba

312 3881 359 3916 erar
375 3881 427 3916 nora
443 3865 516 3927 itanc,
534 3871 564 3916 ut
581 3881 637 3917 curn
655 3892 688 3902 —
702 3865 855 3934 pet-ierunt?
888 3864 917 3918 Iu
941 3866 1033 3934 quibus
1055 3865 1166 3933 primum
1183 3863 1248 3916 illud
1265 3862 1290 3915 si
1306 3860 1468 3918 Amenda

309 3948 446 4019 petebatur
462 3965 569 4018 prorsus
593 3965 812 4018 supervacaneum
830 3950 1014 4014 iudicabimus3
1036 3966 1097 4003 nam
1117 3953 1205 4018 petere
1225 3964 1271 4002 eos
1288 3949 1468 4005 Alexandria

313 4037 416 4089 dixerat
433 4035 460 4087 in
478 4037 558 4088 totius
576 4039 719 4090 sententiae
737 4038 844 4105 protasi,
861 4041 891 4090 nt
907 4038 970 4090 haec
988 4038 1020 4091 ab
1039 4053 1079 4103 eo,
1098 4039 1140 4106 qui
1159 4037 1239 4091 totins
1255 4036 1334 4091 buius
1350 4036 1406 4091 looi
1421 4050 1470 4105 por

312 4123 461 4190 potnitatem
480 4136 532 4172 non
549 4123 714 4190 perspiceret,
732 4123 847 4190 profecta
869 4137 925 4175 esse
948 4122 1087 4175 uideamus.
1122 4122 1220 4175 Deinde
1238 4121 1296 4189 quis
1314 4136 1331 4174 a
1352 4112 1470 4175 Oiedrour

313 4207 436 4274 seriptum
454 4219 512 4258 esse
529 4205 616 4259 credet
638 4207 738 4260 eosdem
756 4223 860 4270 cursus,
878 4222 941 4275 quos
957 4234 990 4244 -
1010 4208 1200 4262 cucumerum?
1221 4206 1249 4259 iu
1269 4221 1322 4275 quo
1340 4210 1368 4261 et
1386 4220 1470 4261 career

312 4306 417 4343 ocurrere
443 4290 604 4344 intolerabile
631 4294 720 4346 estet
742 4291 850 4359 pluralis
872 4292 984 4360 ineptus.
1024 4291 1060 4344 At
1076 4291 1120 4344 ille
1138 4306 1214 4360 quem
1236 4289 1291 4342 dixi
1312 4289 1382 4345 liber
1399 4292 1469 4345 haba

314 4375 389 4438 Quod
405 4378 429 4429 si
445 4377 475 4432 L.
495 4376 569 4430 Cotta
592 4378 620 4432 1.
641 4378 772 4446 Torquato
795 4378 941 4432 consulibus
964 4384 1148 4442 cucurrerunt,
1175 4394 1222 4430 eur
1242 4393 1295 4430 uon
1316 4384 1428 4447 aperte,
1444 4380 1470 4431 u

312 4469 389 4515 cretea
416 4467 478 4527 cet,
505 4479 570 4531 quae
592 4479 650 4516 enm
671 4464 708 4515 ita
732 4464 861 4517 sententia
883 4479 970 4518 carere
996 4464 1113 4519 viderent
1136 4478 1183 4516 nec
1205 4462 1308 4516 facilins
1331 4463 1468 4519 remedium

312 4553 418 4603 nossent
432 4551 544 4615 librarii,
557 4551 668 4619 ineptias
682 4549 740 4602 illas
755 4553 943 4619 excogitarunt.
970 4550 1143 4605 Veruntamen
1157 4551 1180 4603 si
1194 4551 1267 4604 aliter
1279 4549 1408 4605 distincta
1419 4564 1467 4603 ore·

313 4636 383 4691 bone
391 4652 438 4707 pro
449 4653 480 4691 eo
489 4637 558 4706 quod
567 4640 607 4690 est
616 4636 692 4705 quod,
711 4638 808 4692 scribas
818 4655 868 4707 quo
877 4640 969 4708 (neque
977 4640 1042 4694 haee
1055 4639 1082 4691 in
1094 4638 1211 4704 relativo,
1219 4639 1247 4691 in
1258 4653 1310 4707 quo
1318 4638 1467 4707 saepissim
