3550 5492
819 570 1033 634 ..40-

304 740 434 806 13iaeile
464 736 586 819 assequi
614 734 789 799 coniectura
817 731 965 817 poteritis.
1011 731 1123 794 Ineunt
1150 729 1277 800 tandem
1305 729 1499 813 magistratus

346 841 465 907 tribuni
487 839 600 925 plebis:
629 837 729 902 contio
757 835 881 899 tandem
905 839 1062 919 expectata
1083 835 1118 898 P.
1140 833 1242 914 Rulli,
1265 834 1346 917 quod
1368 839 1402 899 et
1419 833 1501 919 prin·

346 967 416 1030 ceps
438 949 504 1007 erat
534 940 671 1025 agrariae
697 939 774 1022 legis
796 944 828 1003 et
848 939 1054 1004 truculentius
1076 960 1109 1003 se
1137 937 1261 1021 gerebat
1286 959 1383 1023 quam
1406 938 1502 1002 cotem

347 1050 413 1112 iarn
436 1046 614 1130 designatus
636 1043 696 1107 alio
711 1042 811 1123 vultu,
834 1041 895 1106 aiio
917 1042 999 1107 vocis
1022 1063 1105 1123 sono,
1128 1041 1188 1106 alio
1210 1041 1333 1104 incessu
1355 1062 1423 1105 esse
1440 1063 1503 1113 me

348 1151 513 1231 ditabatur,
537 1148 652 1212 vestitu
674 1145 861 1227 obsoletiore,
884 1165 1006 1230 corpore
1028 1143 1145 1208 inculto
1167 1149 1199 1207 et
1219 1143 1357 1227 horrido,
1381 1144 1505 1230 capilia-

347 1255 407 1320 tior
429 1274 523 1338 quam
544 1256 616 1315 anto
639 1250 792 1332 barbaque
814 1247 939 1330 maiore,
962 1253 998 1311 ut
1020 1247 1115 1312 oculis
1137 1253 1169 1312 et
1184 1252 1309 1332 aspectu
1324 1247 1507 1314 denuntiare

348 1357 492 1423 omnibus
514 1355 579 1420 vim
601 1352 801 1420 tribuniciam
822 1357 853 1416 et
874 1349 1015 1423 minitari
1036 1348 1222 1435 reipublicae
1242 1347 1413 1427 uideretur.
1452 1350 1508 1415 Le·

348 1483 416 1547 gem
439 1459 573 1527 hominis
595 1457 828 1540 contionemque
843 1455 1051 1538 expectabam.
1088 1453 1152 1517 Lex
1174 1451 1263 1541 initio
1286 1451 1374 1517 nulia
1398 1475 1507 1540 propo

347 1564 449 1628 nitur:
462 1618 464 1620 ,
477 1561 650 1628 contionem
671 1558 824 1644 imprimis
847 1555 990 1621 advocari
1011 1555 1112 1620 iubet:
1136 1575 1259 1618 summa
1280 1575 1352 1618 cum
1366 1562 1509 1642 expecta·
1552 1554 1554 1599 Ι

347 1668 435 1738 tione
446 1665 648 1732 concurritur.
681 1663 823 1748 Explicat
837 1661 1006 1726 orationem
1021 1679 1096 1722 saue
1110 1657 1233 1740 longam
1255 1663 1285 1721 et
1299 1658 1405 1723 verbis
1421 1660 1510 1725 vaide

348 1771 452 1838 bonis:
475 1789 574 1834 uuum
596 1773 661 1832 erat
682 1766 764 1851 quod
785 1765 864 1829 mihi
885 1764 1034 1830 vitiosum
1056 1762 1233 1844 videbatur,
1256 1761 1338 1847 quod
1359 1767 1453 1828 tanta
1474 1785 1510 1830 ex

435 1953 467 1992 13.
481 1953 550 1992 contio
563 1953 689 2000 expectator
702 1950 726 1989 P.
740 1949 806 1988 Rulli.

349 2083 415 2135 Nam
434 2096 492 2133 curn
510 2079 701 2152 cosuetudieat
718 2077 924 2141 sollicitudinem,
941 2077 1003 2129 item
1020 2076 1056 2132 in,
1066 2075 1145 2127 altera
1157 2077 1231 2142 parte
1250 2073 1309 2127 addi
1326 2090 1375 2145 par
1392 2078 1437 2128 est
1453 2092 1512 2145 pro-

349 2183 450 2231 nomen,
468 2169 497 2218 ut
515 2181 571 2228 eos,
595 2164 639 2231 qui
661 2165 689 2216 in
712 2166 782 2216 metu
799 2163 908 2228 inerint,
925 2164 942 2215 i.
961 2178 983 2214 e.
1001 2178 1029 2215 se
1046 2163 1130 2230 ipsum
1148 2165 1175 2214 et
1197 2162 1292 2214 amieos
1311 2165 1336 2212 et
1354 2161 1479 2232 collegas,
1497 2181 1511 2214 a

350 2252 446 2322 populo
460 2238 575 2304 diversos
586 2251 666 2303 trisse
677 2249 780 2302 indicet.
811 2250 895 2314 Quare
906 2263 1047 2317 pronomen
1064 2266 1110 2301 uos
1121 2250 1178 2302 loeo
1191 2247 1392 2316 praepositionis
1406 2251 1510 2319 scripsi·

350 2353 414 2402 mus,
432 2353 497 2406 quae
513 2353 546 2389 ex
564 2339 626 2389 nota
642 2335 709 2389 maie
726 2336 794 2388 lecta
811 2336 904 2388 extitit.

422 2424 462 2478 13.
480 2423 575 2477 ineunt
602 2424 704 2477 tandem
722 2424 738 2476 i.
751 2438 773 2475 e.
792 2440 815 2476 a.
834 2423 859 2476 d.
877 2422 913 2475 IV
930 2422 967 2474 Id.
986 2422 1061 2487 Dec,
1084 2423 1127 2489 qui
1148 2425 1222 2476 retus
1247 2438 1276 2475 ac
1299 2423 1433 2477 sollemnis
1456 2425 1510 2478 dies

351 2514 418 2563 erat·
455 2510 506 2566 Sed
525 2510 569 2562 ubi
587 2510 698 2562 inierunt
716 2509 813 2563 tribuni
831 2509 923 2577 piebis
941 2509 992 2561 cito
1011 2509 1155 2562 contionem
1173 2510 1317 2562 habuerunt
1334 2525 1392 2563 curn
1410 2513 1511 2580 reliqui,

351 2602 406 2650 turn
424 2597 452 2649 P.
472 2597 572 2649 Rullus.
600 2595 683 2659 Quare
701 2596 793 2649 falsum
812 2597 938 2658 certeest,
957 2595 1026 2662 quod
1035 2594 1175 2648 Lambinus
1188 2596 1294 2649 alterum
1308 2599 1412 2650 taudem
1425 2601 1511 2653 omisit

352 2687 378 2736 et
395 2683 463 2752 quod
481 2682 634 2738 Gulielmius
652 2683 731 2735 scribi
754 2682 830 2734 iussit
851 2688 1015 2750 expectator,
1037 2683 1111 2750 quasi
1134 2687 1194 2750 post
1215 2685 1307 2736 initum
1330 2685 1511 2752 magistratum

352 2770 437 2821 contio
455 2784 507 2821 non
525 2769 612 2821 statim
624 2771 724 2832 vocata,
742 2767 788 2820 sed
799 2767 961 2836 expectanda
978 2767 1062 2821 fuerit.
1085 2769 1166 2822 Immo
1178 2769 1241 2822 haec
1258 2771 1295 2822 ita
1307 2769 1418 2823 dicenda
1430 2775 1512 2836 erant,

352 2858 381 2908 ui
398 2859 533 2923 utrumque
551 2854 640 2908 eodem
659 2869 739 2923 prope
757 2858 872 2924 tempore
890 2854 987 2907 iactum
1006 2870 1063 2908 esse
1075 2855 1211 2909 rideretur.
1239 2856 1322 2919 Quare
1337 2858 1366 2908 tu
1383 2857 1412 2909 in
1431 2857 1512 2910 altera

352 2942 495 3015 sententiae
516 2946 590 3006 parte
613 2941 705 3010 supple
720 2941 767 3007 fit,
791 2940 906 2994 babetur.
933 2969 967 2979 ·—
989 2942 1122 3011 prinecps.
1166 2941 1239 2997 Unus
1262 2943 1328 2995 enim
1351 2943 1421 2997 solet
1439 2947 1512 3014 quasi

352 3030 441 3081 auctor
463 3043 520 3081 esse
543 3027 622 3096 legia,
644 3044 659 3079 a
681 3042 731 3096 quo
754 3027 899 3096 appellatur
917 3028 960 3092 (ct.
979 3028 1047 3080 inira
1064 3027 1080 3096 ᾗ
1098 3029 1155 3091 22),
1173 3029 1219 3080 sed
1237 3030 1281 3082 alii
1304 3029 1442 3082 adiuuant:
1468 3031 1512 3099 qui

352 3117 415 3181 quot
433 3117 459 3166 et
475 3130 525 3182 quo
544 3114 645 3166 nomine
663 3114 690 3166 in
708 3114 757 3167 hac
774 3115 830 3182 lege
848 3112 958 3166 Servilia
975 3113 1078 3177 suerint,
1095 3114 1237 3181 ignoratur.
1270 3115 1334 3166 Noti
1352 3118 1441 3169 autem
1452 3119 1513 3171 suut

352 3201 454 3253 omniuo
472 3202 522 3253 hoe
539 3215 605 3252 anno
628 3203 731 3268 praeter
752 3200 839 3267 ipsum
856 3198 962 3250 Rullum
985 3201 1106 3266 quattuor
1129 3201 1230 3251 tantum
1252 3200 1463 3268 tribuniplebis
1482 3203 1511 3256 Τ.

262 3271 289 3310 ’·
352 3285 439 3339 Ateus
457 3286 585 3340 Labienus
604 3285 662 3348 (uro
680 3283 820 3348 xxxvn,
837 3281 882 3347 aa>
900 3282 929 3337 u.
941 3275 1073 3336 caseus
1091 3283 1154 3348 (cu.
1171 3301 1197 3352 p.
1216 3285 1280 3337 sun.
1293 3286 1345 3350 aa),
1363 3287 1392 3340 n.
1404 3287 1512 3357 carpa-

352 3373 410 3426 nius
427 3365 519 3426 Bestia
533 3371 606 3438 (Sall.
616 3370 671 3423 Cat.
682 3368 735 3433 43),
753 3369 784 3422 Τ.
802 3369 911 3436 Ampius
920 3359 1025 3422 'Balbus
1043 3369 1120 3433 (Veli.
1133 3370 1165 3435 ii,
1174 3371 1221 3435 403
1240 3371 1291 3425 Cic.
1310 3388 1349 3441 ep.
1360 3373 1403 3437 iii,
1415 3374 1468 3440 70).
1479 3403 1512 3413 -

353 3459 529 3511 truculentius.
569 3457 611 3509 Ad
631 3460 756 3509 terrorem
777 3455 922 3508 faciendum
940 3457 1052 3527 pertinet
1075 3459 1234 3511 truculentus
1253 3463 1279 3511 et
1296 3459 1355 3527 pius
1374 3463 1416 3512 est
1435 3478 1514 3530 quam

352 3552 421 3607 troc,
439 3545 511 3597 euius
528 3546 662 3611 practerea
678 3556 724 3593 nee
742 3541 837 3610 gradus
856 3541 925 3609 apud
943 3543 1080 3606 scriptores
1098 3545 1259 3613 reperiuntur
1283 3561 1330 3598 nec
1352 3546 1512 3600 adverbium.

352 3629 424 3682 Trux
442 3629 587 3698 appellatur
605 3628 648 3695 qui
665 3627 742 3679 semel
761 3631 814 3692 est,
831 3629 990 3682 truculentus
1009 3630 1052 3697 qui
1070 3617 1136 3684 solet
1153 3648 1218 3685 esse.
1243 3660 1274 3670 -
1299 3633 1394 3685 vestito
1416 3633 1513 3688 obsole-

353 3716 426 3779 tiore,
443 3716 563 3770 nimirum
585 3716 615 3769 ut
638 3713 714 3767 homo
738 3712 769 3766 de
793 3712 868 3781 plebe
891 3730 948 3768 esse
971 3716 1076 3784 eiusque
1099 3733 1203 3771 causam
1227 3719 1350 3786 'amplecti
1372 3719 1513 3774 rideretur.

352 3801 436 3866 Quare
454 3815 562 3872 corpore
579 3802 635 3851 erat
651 3815 740 3867 parum
760 3801 827 3852 culto
846 3817 893 3854 nee
911 3802 994 3855 nitido
1013 3803 1183 3873 capillumque
1204 3808 1230 3856 et
1253 3805 1358 3858 barbam
1376 3808 1513 3872 promitte

352 3890 405 3943 bat.
435 3887 588 3942 Tondehant
606 3889 674 3939 enim
691 3891 753 3940 tune
775 3890 892 3942 homines
913 3890 1083 3960 elegantiores
1101 3894 1127 3945 ei
1144 3893 1264 3961 capillum
1282 3896 1309 3944 et
1326 3891 1443 3956 barbam,
1463 3894 1514 3947 nisi

353 3977 397 4043 qui
416 3975 508 4028 nimiae
526 3973 668 4040 elegantiae
686 3974 795 4028 studiosi
808 3976 942 4029 barbulam
951 3981 1045 4043 tamen,
1063 3978 1108 4030 sed
1126 3978 1191 4031 bene
1201 3980 1304 4043 cultam,
1322 3979 1513 4049 aiebant-quos

352 4065 379 4115 in
398 4060 473 4116 Catii.
488 4059 523 4125 ΙΙ,
542 4059 582 4124 10,
595 4059 628 4112 22
646 4060 706 4113 boae
724 4061 843 4114 barbatos
861 4063 988 4131 appellat3
1006 4063 1038 4116 ci.
1057 4081 1082 4132 p.
1101 4062 1169 4118 (iaci.
1190 4065 1229 4119 14.
1256 4066 1291 4119 At
1309 4079 1446 4134 pauperes,
1458 4067 1514 4134 qui-

353 4148 402 4200 bus
419 4162 510 4216 parum
527 4148 647 4214 eorporis
660 4163 746 4200 euram
764 4148 858 4201 habere
875 4149 971 4213 liceret,
990 4152 1018 4201 ut
1035 4153 1142 4215 vestem,
1159 4152 1196 4204 ita
1213 4151 1335 4220 capillum
1352 4151 1514 4220 barbamque

353 4232 525 4301 negligebant.
538 4259 571 4278 .·-
584 4234 700 4301 eeplicot
711 4236 760 4300 oet.
778 4235 903 4288 irridendi
921 4251 999 4288 eausa
1017 4235 1079 4288 dicit
1096 4251 1176 4304 eoque
1194 4236 1386 4305 etsesplicoadi
1402 4238 1517 4305 verbum,

353 4319 477 4386 pertinet,
495 4319 563 4386 quod
585 4320 640 4372 sine
658 4334 736 4372 eausa
756 4321 794 4373 ita
811 4336 861 4374 non
880 4322 982 4386 dicitur,
1005 4325 1031 4374 et
1047 4321 1131 4375 uerbis
1149 4323 1224 4375 vaide
1243 4322 1322 4375 boru'r.
1358 4321 1423 4375 Nam
1442 4323 1514 4378 bone

353 4405 431 4456 rerba
446 4405 531 4457 soient
547 4421 612 4470 esse,
630 4423 695 4474 quae
714 4407 816 4474 placent
833 4425 972 4478 pacemque
990 4410 1100 4462 maxime
1118 4410 1226 4462 deorum
1248 4410 1368 4473 afferunt3
1391 4409 1438 4462 sed
1462 4411 1513 4464 hoc

353 4491 410 4543 loco
428 4505 486 4544 cum
504 4493 667 4546 simulatione
685 4493 787 4558 dicitur,
805 4498 833 4547 ut
850 4495 917 4549 bone,
931 4504 1015 4565 cristes
1032 4497 1060 4549 in
1078 4496 1152 4553 Verr.
1170 4497 1202 4559 ll,
1220 4495 1249 4559 5,
1268 4495 1292 4560 6,
1310 4498 1436 4564 augetque
1456 4497 1513 4553 eius

353 4579 406 4630 vim
423 4578 507 4642 uelde,
525 4579 593 4647 quod
610 4595 669 4632 cum
683 4580 812 4646 singulare
830 4581 933 4650 aliquod
949 4577 1014 4652 ἦθος
1031 4583 1168 4644 contineat,
1186 4597 1262 4648 saepe
1281 4581 1350 4648 apud
1360 4580 1513 4635 Ciceronem

355 4669 500 4736 usurpatur.
527 4666 615 4737 Bergit
632 4670 718 4720 autem
735 4667 944 4723 insimulatione
962 4667 1049 4723 dicens
1068 4685 1147 4722 aanor
1164 4674 1222 4720 oroi
1239 4666 1255 4720 i.
1265 4683 1287 4720 e.
1305 4683 1382 4722 uuum
1402 4670 1514 4732 tantum,
