3550 5492
853 576 1094 649 .-154-

355 804 359 812 .
401 740 554 826 luptatem
575 742 614 805 ab
636 740 702 826 ipso
724 741 801 822 otio,
831 761 926 825 quam
946 761 1000 805 vos
1027 740 1176 806 fortunati
1204 740 1291 805 eritis
1318 740 1366 803 in-
1379 740 1439 806 boo
1464 745 1546 824 stetu,

402 864 495 929 quem
522 843 659 926 habetis,
686 843 715 908 si
746 864 808 910 non
834 842 961 927 ignauia
987 842 1181 927 quaesitum,
1208 840 1263 908 sed
1289 842 1408 910 virtute
1435 850 1547 931 partun

326 1006 330 1013 .
402 944 501 1011 otium
523 945 694 1011 tenueritis.
737 946 825 1024 Quod
846 966 902 1030 ogo
923 967 995 1011 eum
1009 946 1178 1028 eoncordia,
1200 965 1295 1030 quam
1308 945 1390 1014 mibi
1412 948 1548 1031 constitui

400 1069 473 1113 oum
494 1047 617 1131 collega,
639 1048 835 1114 invitissimis
856 1048 905 1114 hie
926 1049 1113 1131 hominibus,
1135 1070 1212 1134 quos
1232 1048 1326 1126 nobis,
1343 1049 1379 1123 in
1396 1051 1548 1118 oonsuletu

400 1150 542 1216 inimicos
564 1172 631 1216 esee
652 1157 684 1217 et
698 1151 919 1237 cupiditatibus
940 1151 1055 1239 proripi
1077 1152 1220 1218 omnibus
1234 1152 1388 1239 perspexi,
1411 1154 1547 1240 poterim,

397 1253 568 1320 remearint
589 1253 671 1321 idom
698 1254 839 1322 tribunos
862 1255 973 1343 plebis,
999 1277 1039 1321 ne
1065 1255 1142 1342 quid
1166 1256 1382 1324 turbulentum
1411 1278 1464 1322 me
1487 1279 1547 1326 onu-

484 1463 613 1512 eoloptatem
624 1473 651 1504 ea
662 1464 715 1514 deso.
727 1483 754 1493 -
767 1465 835 1511 entis,
847 1466 868 1504 er·
880 1465 936 1505 tuae
947 1469 1027 1505 etatum
1040 1474 1101 1513 quem
1112 1464 1205 1511 raum,
1222 1472 1264 1505 noa
1277 1464 1373 1514 tonum
1387 1484 1414 1496 -
1424 1469 1514 1521 pertun
1523 1468 1546 1506 u·

399 1532 496 1572 nuerrru.
508 1553 532 1560 -
546 1533 606 1580 Quod
618 1543 657 1582 eoo
670 1543 697 1573 eo
709 1535 830 1574 eoncordia.
845 1554 870 1563 -
887 1536 916 1574 iia
927 1535 1056 1581 bominibus,
1072 1535 1109 1583 qui
1122 1544 1160 1573 noe
1172 1535 1196 1573 r'rr
1209 1534 1321 1573 comente
1336 1531 1497 1595 &emisissemus
1504 1535 1546 1581 sore

398 1600 480 1639 acuens
498 1601 586 1648 providi
606 1600 700 1641 mnibus
714 1603 819 1655 perspexi
835 1611 887 1644 eoae
905 1603 1009 1645 revocavi.
1034 1601 1095 1643 Idem
1116 1597 1209 1645 tritsetr
1221 1600 1291 1653 orere
1307 1600 1449 1649 mm,
1467 1611 1493 1642 u
1506 1602 1547 1654 oni

400 1666 521 1715 turbulenti.

398 1829 521 1883 librorum
539 1843 586 1881 ms.
604 1829 722 1880 naturam
739 1827 898 1897 ignorarent,
914 1826 985 1879 varie
1002 1827 1120 1879 errarunt
1141 1822 1258 1877 addendo
1280 1824 1407 1893 imprimis
1424 1839 1471 1891 ea,
1493 1840 1546 1895 quae

398 1932 449 1968 non
467 1915 610 1968 litterarum
627 1913 777 1968 confusione
793 1914 888 1968 heusta
904 1912 1014 1976 restitui,
1030 1910 1077 1964 eod
1093 1910 1167 1979 quasi
1184 1900 1291 1964 laeunae
1308 1909 1435 1977 fument,
1452 1927 1546 1981 prome

397 2014 430 2053 ex
447 1998 551 2066 ingenio
568 1997 682 2066 suppleri
699 1996 852 2050 riderentur.
878 1993 966 2059 'Quare
983 2011 1135 2064 nuperorum
1154 1996 1202 2049 riri
1213 1996 1283 2050 denti
1293 1994 1328 2049 ad
1338 1996 1445 2054 eodieee
1463 1998 1546 2055 reveri

397 2085 551 2154 coepissent,
568 2081 684 2150 expulsis
692 2081 819 2135 editorum
833 2081 1014 2135 additamentis
1028 2083 1169 2137 uleeroeam
1180 2081 1274 2151 ubique
1292 2098 1324 2136 ao
1340 2084 1475 2140 sententis
1487 2086 1547 2140 'iusta

396 2175 525 2226 carentem
546 2168 704 2237 reliquerunt
725 2169 874 2223 orationem.
910 2168 965 2236 Nos¹
982 2168 1099 2237 quidem,
1121 2183 1179 2221 enm
1200 2168 1289 2235 ntique
1311 2168 1392 2237 quod
1405 2169 1461 2239 legi
1480 2174 1547 2241 amre

396 2256 506 2325 intelligi
526 2258 629 2324 posset,
651 2253 753 2308 efficere
769 2269 935 2323 cuperemus,
958 2252 1137 2308 diffieillimnm
1156 2254 1290 2309 habuimus
1306 2270 1418 2321 munus,
1441 2258 1547 2312 emus-d

397 2358 485 2396 omnes
502 2343 590 2410 partes
608 2356 659 2394 non
676 2340 846 2396 iudicabimur
863 2341 990 2409 explesse,
1008 2343 1036 2394 at
1052 2340 1176 2408 quosdam
1192 2355 1292 2394 errores
1309 2341 1458 2396 uertiseime
1474 2346 1548 2399 strab

395 2429 472 2484 limus
489 2428 617 2496 totiusque
639 2426 689 2480 loni
711 2427 854 2480 sententiae
868 2428 908 2480 ita
925 2427 1113 2492 consuluimus,
1135 2431 1166 2481 ut
1183 2441 1256 2481 suum
1278 2426 1412 2481 eodioibus
1425 2429 1548 2496 bonorem

395 2516 555 2570 haberemus.
584 2512 739 2568 ddiumento
757 2514 859 2582 quidem
876 2514 952 2567 nobis
970 2513 1021 2567 fuit
1037 2527 1089 2566 una
1106 2512 1163 2567 Nie.
1182 2502 1306 2582 llndrigii
1322 2514 1350 2567 in
1362 2512 1502 2586 Philologo
1512 2516 1548 2571 ll

396 2600 554 2654 coniectura:
572 2600 616 2669 qui
633 2599 735 2654 initium
752 2599 843 2654 horum
855 2599 993 2653 uerborum
1010 2613 1069 2653 eum
1086 2602 1155 2653 reete
1165 2599 1329 2669 intelligeret,
1341 2602 1481 2669 praeolare
1496 2602 1548 2659 seri

355 2745 357 2750 ,
396 2689 450 2757 psit
467 2705 544 2756 quom
560 2703 606 2740 eoa
616 2686 752 2756 fortunati
768 2688 841 2741 eritis
853 2686 966 2753 (codices
978 2703 1028 2757 que
1044 2704 1091 2740 ees
1102 2686 1239 2756 sumnum
1255 2688 1400 2757 reperient
1416 2705 1472 2742 non
1485 2688 1548 2758 ipro

394 2774 440 2827 eia
457 2774 608 2844 quaeritura,
626 2776 673 2828 aed
688 2775 784 2828 virtute
796 2773 906 2845 parturn
923 2775 1034 2840 (eodieee
1051 2792 1104 2828 non
1119 2775 1242 2844 ipuoruor'
1260 2792 1313 2828 uon
1328 2776 1499 2845 quaestum,
1512 2774 1549 2829 red
1585 2805 1591 2836 t

313 2892 316 2899 -
394 2860 450 2913 vito
462 2862 589 2929 perona).
633 2859 730 2923 Quibus
753 2874 801 2913 nos
823 2874 881 2913 eum
905 2858 1078 2914 addiderimus
1100 2858 1133 2913 ab
1149 2861 1207 2929 apen
1224 2861 1277 2914 otio
1293 2860 1479 2927 (eodieesusb
1500 2862 1548 2931 ipro

394 2946 456 3010 otio)
475 2949 501 2999 et
517 2946 547 2998 in
568 2946 616 2999 boe
638 2952 709 2998 statu
733 2941 807 3013 quein
829 2945 927 2999 teletae
944 2947 969 2999 et
984 2946 1095 3011 (oodiees
1113 2946 1138 3000 ei
1153 2946 1221 3002 tuno
1242 2954 1338 3001 aarum
1355 2962 1438 3017 ‘quera
1458 2946 1547 3007 tom

394 3032 468 3095 esee),
485 3031 547 3084 ferri
563 3031 615 3083 iam
633 3044 712 3098 posse
727 3028 846 3083 ridentur
862 3030 928 3084 haee
943 3030 1030 3085 rerba.
1065 3031 1171 3100 Repetit
1186 3032 1255 3086 enim
1272 3030 1371 3097 Oioero,
1388 3032 1462 3102 qued
1478 3049 1548 3103 supro

393 3106 409 3180 θ’
427 3117 444 3169 9
461 3116 527 3171 dixit
543 3124 577 3183 ut*
590 3123 616 3170 et
632 3133 677 3169 ooo
694 3124 720 3169 et
730 3115 893 3184 fortissimae
913 3118 1019 3185 quiaque
1041 3118 1084 3171 eir
1106 3118 1238 3187 meroe
1254 3117 1353 3173 labores
1376 3120 1547 3191 euedpierdor

389 3210 473 3273 putet,
490 3202 679 3272 utaliquando
696 3203 725 3255 in
742 3204 794 3257 otio
807 3205 895 3274 possit
911 3220 977 3269 esee,
996 3205 1154 3273 praesertim
1174 3205 1204 3258 in
1224 3205 1333 3275 temeto
1355 3222 1389 3260 oe
1411 3206 1547 3275 diesibus

393 3278 536 3341 fortunatos
554 3287 608 3340 lore
625 3288 765 3353 Romanos,
782 3290 806 3342 si
823 3290 899 3342 ineo
916 3289 1024 3357 imperio
1042 3305 1073 3343 ae
1089 3284 1228 3359 dignitatm
1245 3306 1323 3359 quam
1344 3290 1466 3346 habeant
1478 3291 1546 3359 (leuno

393 3372 462 3426 enim
485 3372 599 3441 appellat
619 3377 733 3440 oraton),
757 3376 837 3430 otium
855 3375 991 3429 tenuerint
1026 3374 1065 3430 ef.
1082 3377 1110 3429 in
1127 3374 1239 3440 Catil,
1256 3377 1287 3441 4,
1305 3377 1322 3429 'l
1344 3374 1369 3429 Ο
1385 3377 1547 3445 sorianum

392 3457 588 3529 rempublicam,
609 3460 735 3529 siquidem
751 3462 818 3515 bone
840 3462 968 3515 sentinam
988 3461 1059 3515 urbia
1082 3463 1193 3517 adsumit.
1229 3462 1390 3531 Quamquam
1410 3463 1457 3518 lris
1477 3464 1547 3531 longe

394 3542 537 3599 difficiliora
554 3559 611 3599 esee
627 3546 755 3611 existimo,
773 3560 839 3613 quae
855 3536 973 3599 inexi'tu
989 3547 1113 3600 erutonis
1129 3550 1199 3611 sunt,
1215 3547 1244 3601 in
1260 3562 1311 3616 quo
1323 3562 1376 3601 non
1392 3550 1496 3602 tantum
1511 3564 1546 3610 os,

392 3645 458 3699 qnae
474 3630 565 3699 reliqui
581 3630 742 3699 interpretes,
759 3629 866 3684 vulnera
878 3630 1065 3696 animadverto,
1081 3646 1171 3685 rerum
1187 3632 1266 3684 etiam
1283 3632 1375 3686 miram
1393 3632 1498 3688 dioendi
1513 3634 1546 3686 in·

392 3716 589 3771 concinnitatem
608 3720 684 3785 atque
695 3708 877 3786 inelegantiam'
890 3716 1059 3786 deprehendo,
1076 3735 1153 3787 quem
1164 3719 1382 3789 nunquam-apud
1393 3718 1545 3783 eumenen

392 3803 485 3857 nedum
502 3804 529 3857 in
546 3805 605 3873 ipsa
621 3806 792 3874 peroratione,
810 3820 875 3873 quae
894 3805 1090 3874 diligentissime
1107 3806 1314 3861 elaborata'eese
1326 3806 1402 3872 solet,
1419 3808 1545 3864 ferendum

391 3907 449 3946 esse
466 3907 566 3945 eeneeo.
602 3891 686 3957 Quare
706 3907 764 3944 eum
786 3892 976 3946 eonneetendae
999 3886 1122 3948 orationis
1145 3894 1271 3948 rationem
1288 3907 1454 3963 quaererem,
1476 3907 1545 3947 unan

390 3978 462 4033 illam
480 3978 666 4033 coniunctionis
685 3977 771 4032 sedem
789 3994 847 4033 esse
864 3994 942 4048 poree
954 3979 1079 4042 intellexi,
1095 3978 1141 4032 nbi
1158 3993 1246 4034 omues
1264 3978 1366 4034 eodieee
1384 3995 1433 4049 epo
1451 3986 1478 4036 et
1492 3995 1545 4033 ooo

390 4066 482 4119 cordia
496 4064 624 4118 exhibent.
646 4061 734 4118 Faeile
751 4064 788 4118 ibi
800 4065 959 4129 emendatur,
973 4066 1002 4116 ut
1014 4063 1050 4116 sit
1069 4070 1115 4131 'epo
1128 4078 1159 4115 ea
1171 4062 1319 4127 eoncordia,
1336 4063 1385 4117 sed
1400 4078 1456 4118 non
1472 4062 1545 4118 multo

390 4149 520 4203 ennomus
538 4165 603 4212 eom,
621 4149 702 4202 nteit
719 4149 788 4216 qood
804 4165 849 4219 epo
872 4167 931 4203 eom
948 4148 1101 4211 coemere,
1118 4148 1297 4218 apodesieque
1312 4148 1404 4203 'loeum
1421 4150 1470 4205 ills
1485 4166 1546 4204 eum

389 4252 459 4289 ruem
475 4242 501 4288 et
510 4225 690 4303 firmissimum
707 4242 746 4289 eet
762 4235 829 4289 illud
846 4236 1019 4289 commuratione
1035 4235 1319 4306 fortuniepruese'diom
1329 4236 1474 4293 obtineant.
1502 4237 1546 4291 lle·

388 4309 460 4392 lique
477 4324 517 4374 est
533 4323 647 4374 extrema
668 4322 808 4385 sententia,
831 4322 864 4375 ab
891 4322 964 4376 euius
986 4321 1060 4375 initio
1082 4322 1235 4389 particulam
1256 4338 1318 4377 vero
1339 4323 1473 4380 exddisee
1492 4325 1544 4391 ipe·

390 4407 507 4461 eodieum
524 4404 648 4474 quaedam
666 4404 839 4475 discrepantia
860 4407 962 4461 ridetur
978 4404 1131 4474 significare.
1165 4405 1208 4460 nd
1229 4406 1294 4461 haee
1311 4406 1424 4476 primum
1447 4407 1544 4463 eonion

353 4519 355 4524 ·
391 4492 470 4545 olims
488 4489 624 4556 efferimus,
642 4491 686 4560 qui
704 4491 738 4544 sd
755 4492 961 4548 coniunctionem
978 4509 1036 4545 eum
1052 4492 1208 4561 pertineant,
1223 4508 1258 4545 ae
1274 4492 1400 4547 fseillirna
1411 4495 1476 4553 ,erat
1495 4507 1544 4545 mu·

383 4574 467 4646 ¹tentio,
493 4577 522 4627 ut
547 4574 702 4629 eodberetur
726 4575 871 4629 revocarem
902 4577 971 4630 idern
991 4577 1054 4642 (non
1078 4577 1201 4633 reooeaee'
1216 4577 1330 4645 eoem),
1355 4578 1435 4648 paulo
1460 4579 1541 4640 maior,

392 4664 423 4715 ot
437 4674 471 4716 ex
487 4671 518 4715 eo
535 4660 604 4733 quod
621 4662 676 4717 eod.
693 4660 790 4717 habent
807 4677 878 4728 eoae,
895 4661 969 4716 fieret
983 4664 1113 4733 pararent,
1130 4664 1223 4719 deinde
1239 4679 1287 4733 pro
1308 4665 1341 4720 iis
1353 4680 1421 4735 quae
1439 4662 1540 4722 abendo
