3550 5492
703 444 717 507 l

764 584 1000 653 ..143-

295 741 424 808 ferendo
445 743 510 815 nisi
531 744 632 810 multa
653 746 774 811 cultura
795 754 827 813 et
847 768 959 831 magno
972 748 1075 813 labore
1089 750 1273 833 quaesitum.
1308 751 1458 838 Campani

297 867 422 932 semper
443 848 569 932 superbi
583 849 720 914 bonitate
742 870 885 934 agrorum
907 857 940 915 et
959 853 1115 915 fructuum
1129 854 1355 937 magnitudine,
1371 855 1457 919 urbis

295 951 497 1034 salubritate,
534 951 752 1038 descriptione,
789 953 1029 1039 pulchritudine.
1078 954 1126 1027 Ex
1160 953 1218 1019 hac
1250 957 1337 1041 copia
1364 964 1456 1041 atque

294 1053 438 1119 omnium
459 1077 564 1121 rerum
579 1056 739 1121 affluentia
751 1057 890 1141 primum
912 1058 968 1123 illa
988 1063 1061 1141 apta
1082 1063 1128 1121 est
1150 1061 1332 1142 arrogantia,
1354 1082 1416 1146 qua
1437 1082 1456 1125 a

293 1156 466 1224 maioribus
487 1159 601 1225 nostris
624 1159 756 1224 alterum
772 1159 878 1245 Capua
893 1161 1050 1225 consulem
1063 1160 1246 1246 postulavit:
1270 1160 1379 1226 deinde
1399 1162 1455 1226 illa

293 1260 453 1345 luxuries,
481 1285 559 1347 qaae
586 1263 692 1348 ipsum
720 1264 929 1330 Hannibalem
958 1265 1053 1329 armis
1081 1264 1175 1329 etiarn
1202 1269 1277 1329 tunc
1302 1263 1454 1329 invictum

293 1365 454 1453 voluptate
483 1367 568 1434 vicit.
612 1369 682 1433 Huc
709 1369 764 1432 isti
785 1368 876 1433 Xviri
903 1390 974 1433 eum
995 1389 1160 1432 numerum
1181 1368 1246 1434 loo
1279 1365 1454 1431 colonorum
1464 1383 1496 1436 96

383 1564 424 1603 tlte
436 1568 489 1604 nata
502 1568 533 1604 eat
545 1566 683 1614 arrogantie,
697 1574 759 1612 osee.
773 1584 798 1593 —
812 1565 889 1603 dende
902 1575 928 1604 eu
942 1566 1046 1605 Iaxartes.
1059 1585 1084 1596 -
1098 1564 1129 1605 aa
1144 1576 1191 1605 mm
1204 1565 1247 1606 190
1262 1566 1390 1604 colonorum

296 1759 424 1813 gureaque
446 1747 544 1796 mutum
568 1742 708 1812 appellant.
743 1743 877 1796 Pertiuent
902 1742 970 1794 enim
987 1741 1095 1809 Ligures
1121 1743 1198 1794 etiam
1225 1742 1258 1794 ad
1280 1757 1350 1794 mare
1372 1757 1452 1810 eaque

295 1842 356 1897 pars
378 1827 456 1880 babet
478 1843 554 1896 agros
577 1826 759 1880 fertilissimos.
799 1826 882 1889 Quare
904 1829 1022 1880 euentum·
1039 1827 1146 1896 Lipares
1168 1827 1252 1880 solent
1275 1828 1398 1895 distingui
1419 1828 1452 1879 ab

296 1912 474 1981 scriptoribus,
492 1917 521 1965 ut
539 1929 555 1964 a
572 1911 658 1965 Strab.
667 1911 712 1977 IV,
730 1912 755 1976 6,
772 1912 803 1975 4,
821 1928 929 1980 quorum
945 1918 1040 1966 terram
1056 1914 1124 1967 idem
1134 1913 1166 1978 V,
1175 1914 1201 1978 2,
1219 1914 1231 1966 l
1252 1914 1289 1966 ait
1305 1927 1362 1966 esse
1379 1928 1452 1981 aspe-

295 2013 350 2051 ram
367 2005 395 2051 et
412 2014 541 2052 saxosam
559 2027 592 2035 -
615 1996 687 2050 urbis
710 1996 877 2063 salubritate,
895 2000 1075 2089 descriptione.
1111 2000 1212 2054 Similia
1234 2016 1313 2068 supra
1330 1999 1362 2052 de
1378 2000 1453 2067 Myti-

297 2082 362 2135 lenis
380 2082 543 2150 praedicarat
556 2044 577 2147 d
591 2082 634 2147 40,
652 2080 702 2134 nisi
720 2079 789 2149 quod
804 2081 847 2134 hic
864 2084 1043 2140 salubritatem
1061 2085 1162 2150 adiecit,
1180 2101 1245 2154 quae
1262 2101 1308 2139 nec
1328 2085 1383 2138 illic
1399 2084 1451 2137 lau-

295 2167 351 2221 dari
368 2171 497 2239 potuerat,
510 2171 537 2220 et
553 2168 580 2219 iu
603 2166 693 2219 Italiae
716 2167 784 2235 agris
806 2167 944 2224 fructuosis
962 2173 1100 2226 notabilior
1117 2176 1163 2226 ost
1187 2201 1220 2211 -
1242 2179 1307 2241 opta
1325 2178 1363 2224 est
1379 2187 1453 2223 orro-

293 2256 393 2324 φωιίὶα.
418 2251 482 2308 (tuin
500 2254 600 2308 codices
617 2271 665 2307 ms.
682 2253 794 2307 habeant
806 2261 870 2323 apta
888 2260 1005 2310 autaeto
1021 2257 1284 2323 contrectandam
1303 2256 1452 2310 emendasse

294 2340 407 2410 ladrig.
427 2341 459 2393 ad
472 2339 523 2392 Cio.
534 2339 618 2393 defin.
628 2338 660 2404 V,
672 2340 713 2404 10,
722 2339 756 2392 28
766 2345 804 2392 eet
813 2356 860 2408 pro
872 2342 966 2411 plurali
978 2352 1044 2397 suat.
1071 2345 1137 2398 Nam
1154 2345 1222 2397 hune
1237 2343 1364 2411 pluralem
1376 2359 1452 2412 quem

295 2430 394 2489 veteres
413 2427 538 2492 editores,
551 2427 630 2520 puasi
647 2427 802 2495 arrogantia
819 2430 846 2480 et
867 2428 983 2483 lrrauries
1006 2431 1119 2498 generali
1142 2430 1268 2482 sententia
1289 2428 1452 2497 comprehen-

295 2509 427 2578 derentur,
439 2513 560 2578 tulenmt,
572 2512 708 2565 verborum
727 2512 861 2567 collocatio
873 2530 926 2568 non
937 2517 1043 2584 patitur,
1060 2516 1131 2586 quod
1145 2517 1259 2586 prienam
1276 2515 1451 2582 anteponitur3

295 2600 379 2653 minus
397 2603 483 2652 autem
501 2598 651 2666 probamus,
670 2598 738 2667 quod
755 2599 812 2654 Nic.
830 2599 955 2673 Angelius
977 2618 1025 2670 pro
1047 2618 1078 2655 eo
1101 2601 1170 2671 quod
1187 2603 1228 2654 est
1245 2607 1321 2669 opto,
1345 2600 1452 2653 coniecit

297 2690 368 2735 auto.
403 2681 466 2733 Plus
489 2681 556 2732 enim
579 2679 707 2748 significat
729 2688 820 2749 aptum
837 2698 890 2737 esse
908 2702 940 2738 ea
962 2687 1052 2753 aliquo
1078 2703 1107 2739 re
1132 2688 1222 2755 (eoque
1241 2685 1343 2738 dicendi
1359 2700 1452 2753 genero

297 2764 384 2821 dicere
403 2765 555 2828 delectatur)
572 2780 648 2831 quam
666 2768 754 2817 natum
772 2781 836 2819 esse.
872 2768 939 2821 Nam
956 2769 1027 2837 quod
1043 2774 1131 2823 uatum
1148 2775 1195 2833 est,
1214 2770 1248 2823 ab
1266 2785 1304 2834 eo,
1322 2769 1389 2822 unde
1406 2785 1450 2820 na·

295 2857 346 2907 tum
364 2856 412 2916 est,
429 2855 516 2920 petest
532 2850 608 2917 apelli
625 2867 655 2904 ae
677 2867 724 2919 per
741 2866 769 2903 se
787 2857 919 2919 constare;
941 2855 1010 2922 quod
1034 2859 1121 2923 aptam
1144 2860 1197 2921 est,
1217 2872 1347 2925 nunquam
1364 2856 1450 2923 potest

295 2937 390 2993 diuelli:
410 2937 499 2990 Cicero
518 2940 601 2989 autem
619 2936 644 2990 h.
662 2937 679 2989 l.
697 2937 725 2989 id
742 2938 809 3005 agit,
828 2940 857 2989 ut
878 2938 980 3006 copiam
1002 2941 1079 3007 atque
1100 2940 1213 2992 emnium
1235 2955 1322 2993 rerum
1344 2938 1448 2991 affluen-

297 3023 356 3077 tiam
380 3024 473 3076 doceat
489 3039 619 3092 nunquam
639 3021 671 3075 ab
684 3023 833 3089 arrogantia
850 3038 928 3090 posse
946 3024 1039 3088 dirimi,
1056 3025 1200 3077 necessario
1217 3041 1248 3077 ea
1264 3027 1332 3078 inter
1349 3040 1377 3078 ee
1394 3025 1449 3077 vin·

295 3110 350 3163 culo
368 3111 506 3174 contineri,
533 3113 576 3174 ut,
599 3111 622 3164 si
634 3126 708 3165 nora
724 3111 752 3162 in
770 3125 859 3177 agrum
878 3098 1036 3177 Campanum
1054 3108 1154 3163 colonia
1171 3108 1323 3175 deducatur,
1350 3126 1381 3162 ea
1398 3125 1449 3162 non

293 3196 375 3262 pessit
392 3211 445 3248 uon
469 3197 532 3248 item
553 3197 581 3249 in
604 3196 778 3264 arrogantiam
799 3192 920 3246 incidere.
955 3193 1111 3260 Scripsimus
1134 3195 1219 3245 autem
1240 3194 1318 3261 panlo
1340 3198 1401 3261 post
1417 3209 1449 3246 ex

293 3282 382 3351 optimi
401 3281 458 3335 ced.
476 3280 526 3334 fide
544 3300 609 3349 qaeu
627 3298 687 3334 nam
699 3280 769 3350 quod
780 3280 872 3348 reliqui
883 3278 980 3331 habent
991 3294 1065 3347 quoe,
1083 3278 1161 3345 paulo
1175 3277 1263 3355 dumus
1274 3283 1315 3331 est
1327 3295 1357 3332 ac
1366 3295 1448 3347 prope

293 3370 382 3433 poetae
400 3367 492 3431 simile,
511 3369 540 3419 ut
557 3368 706 3436 arrogantia
722 3366 781 3434 ipsa
797 3364 929 3419 consulem
946 3362 1092 3431 postulasse
1110 3361 1216 3414 dicatur.
1252 3361 1377 3416 Luxuries
1394 3365 1448 3432 qui·

292 3450 346 3507 ᾱοιιι
365 3454 507 3506 rectissime
526 3454 604 3507 etiam
623 3452 770 3506 aGicerone
789 3452 840 3504 dici
856 3452 943 3519 potest
959 3447 1130 3501 Hannibalem
1144 3446 1289 3514 corrupisse
1301 3462 1331 3499 ac
1347 3449 1447 3501 vicisse.

293 3536 340 3593 Res
359 3539 429 3606 ipsa,
447 3555 523 3607 qnam
541 3538 630 3592 Cicero
648 3536 785 3607 significat,
802 3539 920 3589 narratur
938 3531 1008 3599 apud
1024 3529 1079 3583 Lis.
1089 3530 1187 3595 XXIII,
1200 3531 1225 3595 6,
1243 3534 1378 3599 antequam
1395 3531 1453 3583 foe:

291 3621 335 3679 due
354 3639 414 3675 cum
422 3623 566 3675 Hannibale
584 3623 700 3687 iniretur,
717 3622 817 3693 legatos
828 3620 973 3686 Campanos
991 3617 1099 3670 Romam
1111 3616 1205 3669 missos
1217 3632 1283 3680 esso,
1301 3617 1345 3685 qui
1361 3621 1448 3683 postu-

290 3705 372 3761 larent
390 3712 419 3760 ut
436 3707 501 3760 alter
520 3708 610 3761 consul
627 3707 773 3777 Campanus
791 3707 875 3760 fieret:
894 3704 940 3758 sed
956 3705 1013 3772 ipse
1030 3719 1082 3757 uon
1099 3703 1173 3771 ponit
1191 3718 1239 3771 pro
1257 3708 1340 3767 certo,
1359 3700 1448 3754 Cicero

289 3806 449 3847 communem
462 3792 561 3860 populi,
580 3797 609 3846 ut
620 3794 729 3859 ridetur,
748 3793 893 3862 opinionem
906 3792 1010 3843 secutus
1022 3805 1073 3842 non
1086 3788 1194 3841 dubitat.
1213 3816 1247 3825 —
1263 3787 1311 3840 illo
1324 3786 1447 3840 luxuries.

288 3875 328 3933 dic
348 3893 398 3931 nos
419 3878 452 3930 de
475 3869 622 3933 coniectura
643 3880 806 3948 scripsimus3
829 3896 888 3932 nam
911 3878 1002 3947 optimi
1026 3877 1084 3929 cod.
1101 3876 1198 3928 habent
1221 3882 1246 3929 et
1268 3890 1298 3927 eo
1323 3873 1446 3936 luxuries,

287 3978 333 4018 uec
352 3965 508 4033 particulam
526 3971 551 4017 et
568 3967 698 4033 tamquam
716 3965 869 4032 repetitione
888 3968 971 4018 ortam
989 3962 1108 4031 placebat
1125 3961 1218 4014 delere.

374 4050 416 4103 96.
435 4068 492 4102 earm
510 4066 643 4102 nummum
660 4046 718 4103 190
738 4050 894 4103 colonorum.
931 4049 1063 4102 Meliorum
1081 4046 1196 4114 codicum
1216 4046 1354 4100 auctoritas
1377 4045 1446 4098 baud

286 4134 365 4189 dubie
398 4138 484 4187 tuetur
511 4122 658 4199 mainerum,
685 4122 772 4187 omnes
799 4139 884 4188 autem
912 4134 1037 4187 adiiciunt
1064 4134 1138 4187 modo
1168 4132 1322 4185 colonorum.
1362 4130 1446 4195 Quare

285 4225 355 4277 certe
374 4219 443 4288 quod
461 4221 523 4273 olim
541 4218 584 4272 edi
601 4218 701 4271 solebat
718 4236 775 4271 eam
792 4234 927 4273 currerem
943 4219 1104 4280 colonorum,
1128 4231 1215 4268 rerum
1234 4231 1290 4268 esse
1308 4230 1359 4281 non
1375 4214 1446 4267 ride

285 4304 364 4371 bitur,
382 4307 535 4374 praesertim
553 4322 611 4361 curn
629 4307 758 4358 sententia
774 4305 833 4374 ipsa
850 4320 983 4357 numerum
1001 4301 1101 4355 definiri
1122 4302 1242 4370 postulet.
1282 4300 1336 4354 Nec
1352 4300 1446 4353 Laure-

285 4391 348 4445 dani
371 4393 518 4445 coniectura
534 4391 670 4460 ingeniosa
687 4407 745 4442 cara
768 4386 826 4443 100
845 4389 992 4442 colonorum
1009 4388 1026 4439 i.
1044 4403 1067 4439 e.
1085 4404 1142 4438 earn
1160 4387 1271 4454 quiaque
1288 4386 1361 4438 milio
1379 4386 1444 4440 eolo

285 4492 380 4529 aarum
402 4490 508 4543 prorsus
533 4474 674 4540 safisiaeit3
699 4472 844 4527 addidimus
861 4487 910 4526 nos
927 4473 1028 4542 quidem
1054 4471 1118 4524 illud
1134 4472 1203 4540 quod
1224 4472 1325 4525 codices
1342 4474 1445 4524 tuentur

285 4559 485 4616 substantivum.
516 4559 560 4614 Sic
576 4562 644 4614 recte
662 4558 703 4613 hic
721 4558 794 4613 loeus
810 4559 913 4614 ridetur
929 4574 987 4613 esse
999 4558 1163 4623 constitutus,
1179 4572 1262 4626 neque
1274 4558 1360 4611 obstat
1376 4555 1444 4627 quod

285 4649 387 4723 tantum
410 4646 558 4711 colonorum
576 4663 709 4719 numerum
730 4645 758 4700 in
782 4650 872 4715 agrum
890 4643 1049 4715 Campanum
1071 4643 1214 4711 constipari
1232 4656 1310 4709 posse
1335 4642 1445 4711 negarat
