3550 5492
762 583 997 649 -139-

294 741 431 826 bacillis,
446 743 510 825 sed,
525 748 562 811 ut
576 743 627 810 hie
640 745 829 831 praetoribus
843 750 1002 829 anteennt,
1022 768 1094 813 cum
1106 748 1241 815 fascibus
1254 749 1332 814 bini.
1359 750 1457 817 Erant

293 844 418 915 hostiae
439 846 572 917 maiores
594 848 628 917 in
649 848 713 915 loro
740 848 941 934 constitutae,
969 868 1047 941 quae
1074 850 1114 919 ab
1134 851 1396 944 his-praetoribus
1418 853 1456 927 de

385 1043 487 1096 fascibus
500 1045 587 1091 doobnr.

294 1206 416 1280 profecte
432 1208 460 1261 in
476 1208 526 1260 hoc
542 1222 635 1278 genere
658 1209 774 1264 adhiberi
797 1211 873 1264 debet
890 1210 1044 1265 Censorium
1062 1210 1094 1264 de
1112 1212 1153 1264 die
1171 1216 1223 1266 nat.
1241 1213 1290 1279 24,
1311 1217 1356 1284 qui
1372 1217 1456 1286 legem

294 1294 453 1351 Plaetorium
472 1294 544 1358 citat,
561 1310 612 1365 qna
624 1298 753 1359 careatur,
769 1298 799 1348 ut
809 1298 914 1364 praetor
931 1295 1044 1348 urbanus
1057 1294 1107 1346 cluo
1120 1295 1222 1348 lictores
1236 1298 1309 1365 apud
1324 1299 1456 1354 schabest

295 1395 379 1451 aeque
408 1394 554 1449 supremos
572 1379 609 1432 cd
625 1381 702 1434 solem
720 1397 847 1444 mensam,
863 1396 897 1434 cx
915 1380 1008 1448 quibus
1025 1381 1092 1448 ipsis
1110 1382 1196 1435 verbis
1215 1383 1366 1451 apparuisse
1383 1400 1456 1452 prae·

294 1466 349 1521 ton·
366 1465 485 1520 existim
501 1464 590 1533 plures
606 1465 719 1532 lictores,
738 1467 785 1522 sed
802 1467 867 1521 duos
886 1467 912 1520 ei
923 1466 1068 1535 oportuisse
1080 1466 1171 1521 adesse
1188 1468 1222 1521 ad
1234 1468 1316 1523 solem
1328 1484 1457 1526 occasum.

294 1550 337 1607 Ex
354 1549 448 1605 Plauto
467 1564 527 1604 vero
545 1549 644 1619 Epidio
654 1551 675 1615 Ι,
689 1552 714 1615 l,
731 1550 774 1617 26,
791 1551 836 1605 nbi
854 1567 901 1623 per
917 1551 1003 1607 iocum
1021 1550 1144 1619 quaedam
1162 1552 1316 1620 significatio
1335 1554 1366 1607 de
1383 1572 1457 1624 prae-

295 1640 357 1693 tun
373 1635 484 1691 Athenis
502 1635 602 1690 duobus
619 1637 754 1691 lictoribus
772 1641 863 1691 ornata
879 1635 924 1701 fit,
951 1637 1009 1709 quis
1030 1636 1062 1689 ds
1079 1636 1197 1690 Romana
1219 1641 1306 1708 potius
1330 1656 1407 1709 quam
1425 1641 1457 1694 de

294 1722 446 1791 municipali
462 1725 584 1791 praetura
600 1722 718 1791 colligat?
744 1722 861 1777 Efficitur
878 1726 908 1777 ut
925 1724 1009 1776 omnis
1027 1723 1135 1776 duorum
1152 1723 1280 1791 lictorum,
1299 1742 1364 1795 qnos
1382 1743 1456 1796 prae·

295 1813 367 1865 tores
384 1808 496 1862 Romani
513 1807 662 1873 habuerint,
685 1809 808 1863 memoria
825 1812 925 1881 pereat:
948 1824 1043 1877 eosque
1064 1824 1116 1862 non
1139 1812 1240 1864 tantum
1262 1815 1336 1866 entra
1358 1812 1456 1877 urbem,

294 1894 480 1951 verumetiam
497 1897 638 1949 intrusam
657 1910 704 1948 sex
720 1894 800 1949 fnisse
818 1898 932 1949 statuere
954 1895 1100 1949 debeamm.
1135 1895 1202 1949 Aliis
1226 1913 1289 1951 sane
1312 1898 1464 1967 praetoriae.

296 1980 434 2051 dignitatis
452 1980 614 2034 curatoribus
637 1981 713 2034 binos
734 1984 836 2036 constat
857 1981 1076 2046 fuisselictcres,
1099 1985 1128 2036 ut
1148 1983 1309 2037 custoribus
1332 1999 1456 2053 aquarum

297 2066 423 2135 (Frondn.
443 2066 475 2119 de
493 2066 601 2134 aqnacd
620 2065 691 2134 100),
708 2066 742 2120 of.
761 2082 841 2136 snpra
857 2068 872 2133 5
889 2066 932 2122 32.
968 2067 1136 2136 [totidemque
1157 2068 1217 2121 hinc
1236 2069 1381 2138 colligimus
1398 2083 1455 2122 esse

297 2152 463 2209 consuevisse
480 2152 673 2229 municipalium
685 2157 841 2223 praetorum,
859 2153 952 2223 quibus
969 2154 994 2207 si
1010 2151 1136 2222 Campani
1152 2152 1241 2223 plures
1258 2154 1334 2207 solito
1352 2154 1456 2207 tribuis·

297 2242 364 2305 sent,
381 2237 546 2307 peculiariter
563 2236 590 2289 id
608 2235 697 2292 Cicero
720 2239 871 2292 incusasset.
908 2237 1063 2292 Omamenta
1082 2239 1162 2309 igitur
1183 2240 1302 2294 lictorum
1323 2257 1392 2295 nunc
1410 2238 1457 2295 Oa-

296 2341 363 2397 pnae
381 2325 494 2395 queritur
511 2323 591 2377 fuisse
609 2323 706 2390 eadem,
724 2340 789 2394 quae
806 2325 904 2378 Romae
928 2328 1016 2379 essent
1038 2330 1201 2394 praetorum,
1222 2326 1343 2380 nimirum
1363 2326 1457 2389 fasces,

297 2412 328 2467 'ac
344 2410 421 2465 faede
438 2409 565 2464 credimus
578 2408 708 2465 Ciceronis
726 2414 810 2465 aetate
822 2410 933 2465 fascium
950 2427 1025 2465 nsum
1041 2412 1070 2465 in
1082 2396 1190 2466 coloniis
1208 2414 1235 2465 et
1250 2413 1396 2480 municipiis
1415 2412 1456 2467 vel

296 2513 383 2551 rarum
399 2497 441 2550 vel
458 2495 558 2549 nullum
574 2494 664 2561 inisse,
681 2495 727 2549 sod
744 2500 836 2565 postea
859 2502 888 2549 ut
911 2501 971 2565 toga
993 2500 1128 2565 praetexta
1145 2512 1161 2548 a
1179 2499 1372 2566 magistratibus
1389 2498 1454 2566 reip.

297 2581 428 2637 Romanae
445 2581 479 2634 ad
496 2596 585 2635 omnes
603 2583 681 2635 etiam
698 2582 844 2635 levissimos
862 2586 1001 2648 curatores,
1019 2585 1064 2652 qui
1081 2584 1192 2652 aliquam
1207 2584 1326 2653 publicae
1346 2584 1455 2638 auctori·

299 2658 361 2721 fatis
378 2666 517 2733 imaginem
535 2667 705 2731 sustinerent,
728 2668 844 2731 transiit,
867 2669 906 2721 ita
928 2668 1013 2722 fasces
1030 2670 1128 2737 passim
1149 2671 1178 2721 in
1200 2685 1248 2723 mu
1270 2670 1455 2738 oppidanorum

297 2752 494 2821 magistratuum
511 2754 596 2805 erant:
613 2751 663 2805 hoc
680 2768 758 2807 unum
770 2754 917 2817 cavebatur,
934 2769 966 2806 ne
983 2757 1057 2807 extra
1074 2755 1115 2807 sui
1128 2756 1235 2824 quisquc
1250 2757 1383 2825 municipii
1390 2756 1455 2809 fines

297 2837 469 2906 municipales
486 2838 653 2907 magistratus
670 2837 795 2891 habereut
811 2838 903 2904 fasces,
922 2854 980 2892 cum
997 2839 1088 2910 populi
1104 2840 1216 2893 Romani
1231 2842 1376 2908 ubicunque
1397 2856 1457 2893 cum

298 2927 428 2995 potestate
445 2927 540 2989 essent,
551 2924 584 2979 iis
596 2927 736 2979 uterentur.
764 2924 848 2990 Quare
860 2925 957 2979 Rerum
972 2940 1125 2995 magnorum
1141 2926 1338 2995 magistratuum
1352 2926 1455 2979 lictores

297 3012 434 3083 gmtabaut
460 3010 544 3065 fasces
570 3011 646 3064 laeva
672 3028 763 3077 mann,
787 3011 878 3064 bacula
899 3011 942 3073 ab
954 3012 1007 3067 imo
1031 3012 1159 3076 tenuiora,
1183 3027 1200 3064 a
1221 3012 1306 3079 capite
1329 3010 1456 3063 crassiora

299 3114 377 3153 mann
393 3097 485 3151 dextra
503 3099 573 3162 (uam
590 3102 618 3152 ct
634 3098 725 3152 baculo
743 3100 770 3151 et
785 3098 901 3153 fascibus
918 3113 963 3153 eos
981 3114 1044 3153 usos
1061 3113 1119 3152 esse
1136 3098 1212 3152 dccet
1229 3097 1282 3152 Cic.
1298 3098 1327 3151 in
1344 3097 1417 3152 Verr.
1423 3095 1456 3161 V,

299 3183 340 3247 bt,
358 3182 432 3246 142),
454 3182 482 3234 in
499 3181 603 3251 oppidis
624 3182 707 3235 {moes
730 3182 822 3236 abesse
843 3182 917 3236 iubet
933 3183 960 3239 h.
977 3183 996 3236 l.
1014 3182 1111 3237 Cicero.
1147 3182 1238 3237 Utrum
1256 3187 1341 3237 autom
1363 3183 1457 3237 lacum

299 3284 332 3321 an
349 3267 446 3321 ιαειιια
463 3268 632 3337 appellentur,
649 3285 740 3338 parum
756 3269 879 3335 interest;
901 3256 969 3323 illud
988 3270 1067 3324 habet
1085 3269 1172 3323 Cicero
1189 3271 1217 3323 in
1236 3271 1306 3325 Verr.
1323 3271 1341 3324 l.
1359 3272 1390 3336 ι,
1407 3271 1457 3325 hoc

302 3355 334 3408 ad
350 3354 407 3408 Act.
423 3353 472 3418 XI,
490 3354 515 3419 6,
533 3354 558 3408 2.
583 3355 639 3408 Hoc
656 3354 759 3425 quidem
775 3355 833 3409 loco
851 3354 948 3409 beata
965 3356 1125 3425 scripsimus,
1142 3356 1211 3426 quod
1227 3361 1254 3411 et
1271 3358 1387 3413 codicum
1405 3373 1457 3411 me·

300 3440 393 3495 ιιοιιιιιι
410 3439 475 3493 fides
498 3440 613 3508 postulat
634 3444 661 3494 et
678 3442 760 3495 minui
781 3442 868 3510 potius
886 3456 928 3495 res
945 3441 1022 3496 debet
1043 3458 1121 3511 quam
1143 3444 1238 3511 angeri.
1273 3443 1326 3497 Sed
1342 3443 1411 3512 quod
1427 3445 1456 3497 in

298 3524 469 3581 detemoribus
487 3526 641 3595 quibusdam
653 3526 784 3581 codicibus
801 3527 904 3582 additur
915 3527 1083 3597 praetoribus
1099 3528 1216 3594 urbanis,
1231 3528 1326 3582 falsum
1337 3544 1394 3581 esse
1411 3545 1456 3596 ap·

297 3616 379 3681 paret,
397 3611 467 3681 quod
483 3612 670 3681 interpretandi
686 3628 765 3667 causa
782 3630 798 3667 a
813 3613 920 3668 librario
939 3615 1067 3669 adiectum
1084 3620 1126 3669 est
1143 3619 1170 3668 et
1181 3616 1214 3669 ab
1232 3631 1262 3669 eo
1280 3614 1394 3678 librario,
1411 3615 1456 3681 qni

297 3703 430 3769 praetores
447 3698 561 3751 urbanos
582 3699 740 3769 intelligeret
762 3715 814 3753 uon
837 3715 881 3754 eos
899 3702 944 3769 qui
960 3702 1064 3769 proprie
1082 3701 1217 3763 dicuntur,
1234 3700 1281 3752 sed
1298 3714 1394 3763 omnes,
1411 3699 1455 3768 qui

295 3785 321 3839 in
339 3786 404 3839 urbe
420 3785 503 3838 Roma
524 3787 598 3837 sunt:
619 3800 698 3852 quare
721 3785 781 3838 ullis
805 3785 833 3837 id
855 3785 998 3847 editoribus
1022 3786 1124 3853 placere
1144 3786 1259 3853 potuisse
1282 3786 1368 3838 miror.
1403 3784 1455 3839 Sed

296 3872 365 3927 dicu
381 3872 430 3925 hoo
446 3871 503 3924 loce
522 3872 586 3933 erat,
603 3870 672 3938 quod
689 3885 747 3923 cum
765 3870 878 3924 nondum
891 3870 1040 3938 cuiusquam
1052 3871 1102 3923 viri
1119 3870 1187 3924 docti
1199 3871 1310 3923 animum
1322 3871 1455 3935 movisset,

295 3971 451 4027 magnopere
476 3972 524 4011 nos
548 3962 660 4011 vexaret
700 3957 803 4011 Etenim
827 3957 884 4011 cod
902 3972 991 4010 omnes
1013 3961 1118 4010 tuentur
1144 3956 1277 4010 calebant
1301 3957 1403 4010 lictores
1421 3985 1454 3997 -

296 4061 354 4099 cusa
370 4041 492 4111 smctbus
516 4042 621 4096 duobus.
659 4043 721 4108 Quis
743 4045 781 4097 ita
804 4043 890 4097 dicere
912 4046 1014 4111 potest?
1059 4042 1138 4107 Quasi
1160 4042 1244 4095 fasces
1265 4042 1379 4111 separati
1402 4042 1455 4097 sint

297 4130 329 4183 ab
348 4128 484 4182 lictoribus
502 4132 579 4197 atque
597 4145 709 4197 unquam
727 4130 842 4184 accidere
854 4130 948 4198 possit,
965 4132 995 4181 ut
1011 4132 1058 4181 aut
1074 4129 1177 4181 lictores
1195 4128 1291 4197 singuli
1306 4129 1393 4197 plures
1409 4128 1454 4181 ha·

295 4214 374 4269 beant
400 4214 483 4268 fasces
510 4218 556 4267 aut
581 4215 669 4284 plures
692 4215 794 4269 lictores
815 4231 880 4269 unos
906 4216 998 4269 fasces.
1035 4214 1099 4268 Oum
1126 4218 1210 4268 autem
1238 4213 1334 4282 singuuli
1350 4212 1454 4267 lictores

296 4316 398 4369 semper
414 4301 531 4371 singulos
548 4300 662 4355 habeant
678 4301 771 4365 fasces,
789 4316 836 4355 nec
854 4301 962 4371 singuli,
979 4301 1026 4354 sed
1044 4305 1112 4355 certe
1130 4301 1186 4354 bini
1203 4301 1312 4370 singulis
1330 4300 1453 4368 praetori-

295 4384 343 4441 bus
360 4387 466 4441 lictores
482 4386 590 4441 totideru
607 4386 721 4440 fascibus
739 4389 822 4441 ornati
839 4387 942 4452 fuerint,
967 4403 1018 4442 non
1035 4389 1166 4444 ferendam
1188 4404 1245 4443 esse
1262 4387 1409 4456 putavimus
1426 4387 1453 4439 in

296 4473 394 4541 optimo
417 4475 542 4543 scriptore
569 4477 668 4527 tantam
689 4473 791 4527 dicendi
819 4475 1014 4542 perversitatem
1036 4476 1236 4544 scripsimusque
1261 4491 1319 4526 curra
1334 4471 1454 4540 fascibus

297 4555 358 4613 ose.
394 4558 472 4613 Error
488 4559 651 4615 librariorum
667 4576 701 4614 ex
717 4563 779 4627 uota
789 4560 856 4613 male
873 4560 1003 4629 explicata
1013 4565 1085 4616 ortus
1102 4564 1143 4615 est
1154 4560 1300 4629 recepitque
1316 4559 1453 4626 insequens

298 4644 452 4699 vocabulum
469 4646 643 4701 antecedentis
661 4661 759 4713 meum,
775 4646 846 4701 velut
862 4647 942 4717 paulo
958 4650 1021 4721 post
1036 4648 1087 4703 etsi
1104 4662 1155 4705 uno
1178 4659 1306 4699 consensu
1327 4644 1388 4698 libri
1404 4656 1452 4701 me.
