3550 5492
787 601 1001 671 „53...

305 761 460 845 curiatae,
482 784 576 847 quarn
591 772 711 850 praetor
732 767 819 848 ferat,
843 768 954 832 adimit
967 768 1176 833 intercedendi
1190 777 1383 855 potestatem.
1416 773 1474 837 At·

306 889 372 952 que
394 867 452 931 hoo
470 889 541 932 cnm
563 869 596 932 in
619 890 654 933 co
676 870 961 954 reprehendendum
984 877 1039 951 cst,
1063 872 1144 954 quod
1158 893 1212 956 per
1233 874 1393 938 tribunum
1409 874 1473 958 ple-

308 971 359 1036 bis
380 971 551 1036 tribunicia
579 978 713 1056 potestas
740 972 911 1053 minuitur,
939 977 1008 1034 tum
1035 970 1069 1032 in
1092 993 1127 1036 eo
1149 972 1365 1052 deridendum,
1393 974 1477 1058 quod

306 1072 442 1154 consuli,
465 1073 493 1137 si
514 1073 612 1157 legem
635 1075 787 1139 curiatam
814 1073 1005 1154 nonhabet,
1035 1074 1186 1156 attingere
1215 1097 1279 1141 rem
1307 1077 1473 1142 militarem

306 1197 372 1241 non
395 1177 482 1242 licet:
505 1177 586 1256 huic,
609 1178 659 1243 oui
682 1185 766 1244 vetat
787 1179 989 1260 intercedere,
1011 1185 1209 1265 potestatem,
1233 1182 1354 1245 etiamsi
1377 1183 1473 1245 inter-

306 1299 432 1343 cessum
453 1278 505 1360 sit,
527 1286 632 1343 tamen
654 1281 785 1344 eandem
807 1282 968 1345 constituit
995 1302 1088 1366 quam
1114 1283 1140 1345 si
1163 1282 1226 1346 lata
1248 1291 1328 1348 esset
1349 1285 1413 1366 len,
1438 1293 1473 1351 ut

305 1403 372 1447 non
394 1381 586 1465 intelligam,
609 1404 703 1468 quare
726 1390 781 1448 aut
808 1385 858 1449 hic
879 1389 963 1447 vetet
990 1382 1177 1447 intercedere
1204 1391 1259 1448 aut
1286 1407 1473 1470 quemquam

304 1485 549 1549 intercessurum
565 1491 661 1569 putot,
685 1507 755 1550 cum
771 1485 948 1550 intercessio
964 1486 1141 1577 stultitiam,
1152 1476 1361 1553 intercessoris
1376 1489 1472 1570 signi-

303 1588 437 1653 ficatura
459 1588 509 1670 sit,
532 1595 682 1653 non'rem
705 1589 901 1674 impeditura.

395 1692 468 1756 Sint
488 1692 585 1776 igitur
606 1694 697 1758 Xviri
719 1714 817 1778 neque
839 1693 922 1757 veris
945 1691 1092 1773 comitiis,
1117 1691 1173 1757 hoc
1195 1701 1256 1775 est,
1278 1695 1385 1780 populi
1406 1696 1510 1766 suf-31

300 1797 428 1881 imglis,
451 1817 550 1882 neque
571 1796 635 1860 illis
658 1798 698 1862 ad
720 1799 855 1883 speciem
870 1807 962 1884 atque
984 1799 1218 1884 usurpationem
1233 1802 1395 1866 vetustatis
1417 1824 1470 1887 per

308 1899 405 1964 XXX
426 1897 548 1964 lictores
574 1899 780 1984 auspiciorum
808 1921 902 1965 causa
930 1902 1120 1966 adumbratis
1147 1904 1316 1969 constituti.
1362 1905 1469 1970 Videte

303 2023 391 2067 nunc
413 2022 475 2084 eos,
496 2001 550 2086 qui
572 2002 699 2066 anobis
721 2003 801 2067 nihil
823 2007 984 2089 potestatis
1006 2013 1198 2091 acceperunt,
1215 1999 1329 2092 quanto
1344 2010 1468 2073 maiori·

301 2106 362 2170 bus
385 2105 575 2169 ornamentis
597 2107 725 2187 afficiat,
755 2128 850 2191 quam
872 2129 978 2173 omnes
1005 2132 1061 2175 nos
1084 2113 1184 2176 allecti
1207 2134 1332 2193 sumus,
1356 2113 1468 2196 quibus

303 2231 359 2275 vos
382 2209 590 2296 amplissimas
616 2215 782 2295 potestates
811 2211 950 2277 dedistis.
994 2214 1084 2278 Iubet
1113 2215 1250 2300 auspicia
1280 2216 1467 2281 coloniarum

302 2313 555 2379 deducendarum
577 2334 671 2378 causa
692 2314 803 2379 Xuiros
825 2315 947 2398 habere,
970 2316 1127 2402 pullarios.
1171 2319 1297 2382 Eodem
1318 2323 1394 2392 iare,
1418 2319 1467 2382 in-

393 2453 439 2502 tere
451 2454 544 2494 amara.
559 2475 583 2484 -
597 2456 708 2495 intercedi.
719 2476 742 2484 -
757 2454 788 2494 tl.
803 2458 867 2502 atque
880 2457 911 2493 act
923 2458 1091 2504 usurpationem.
1105 2476 1130 2486 -
1143 2458 1271 2505 acceperint.
1281 2476 1305 2486 -
1315 2457 1371 2497 r'nbet
1386 2456 1466 2506 [ampr-

302 2519 347 2570 cta]
362 2521 504 2560 cormacum

302 2627 393 2677 tamen
410 2625 488 2693 paulo
506 2632 567 2696 post
584 2644 617 2680 ex
634 2626 778 2680 Lauredani
803 2629 951 2682 coniectura
970 2629 1021 2698 Iepr‘
1038 2630 1156 2681 cnrr'ntoe
1174 2629 1332 2695 scripsimus.
1362 2629 1468 2682 Frustra

302 2711 373 2764 euim
392 2710 526 2765 Ernestius
545 2714 595 2766 abl.
614 2714 667 2781 lepe
686 2715 798 2776 cnrr'ctn,
817 2716 861 2781 qui
878 2715 905 2766 in
918 2715 1051 2767 codicibus
1069 2719 1117 2778 est,
1136 2708 1260 2776 defendit,
1277 2715 1351 2781 quasi
1369 2717 1468 2766 ratione

302 2795 370 2864 legis
399 2799 513 2852 curiatae
541 2799 660 2852 ferendae
687 2800 839 2852 intercessio
866 2800 977 2852 tollatur.
1021 2801 1081 2868 Ipsa
1104 2801 1146 2852 lex
1170 2801 1270 2852 curiata
1295 2815 1345 2851 uno
1368 2815 1469 2866 semper

302 2883 446 2953 codemque
463 2885 539 2938 modo
556 2886 646 2951 femur,
663 2887 813 2938 intercessio
836 2887 967 2952 expressis
990 2887 1076 2938 uerbis
1099 2886 1163 2953 legis
1182 2884 1304 2937 Serviliae
1323 2884 1467 2937 tollebatur.

301 2967 481 3037 Similiterque
499 2975 641 3038 peccarunt
658 2971 760 3025 codices
779 2971 853 3036 inira,
871 2973 915 3024 ubi
933 2971 1028 3023 habent
1045 2971 1222 3024 intercedendi
1235 2976 1395 3038 potestntenr,
1410 2986 1466 3022 cum

301 3070 353 3108 nos
376 3054 406 3106 P.
429 3055 570 3110 Manutium
597 3060 677 3111 secuti
703 3058 830 3111 edidimus
856 3057 1021 3110 intercedere.
1066 3057 1095 3108 Id
1122 3056 1162 3108 vel
1189 3055 1304 3108 nolentes
1334 3059 1465 3108 mutarunt

306 3141 409 3194 librarii
427 3141 469 3195 vel
484 3143 553 3211 quod
571 3144 674 3197 vetandi
690 3144 796 3197 terbum
809 3144 937 3212 quomodo
955 3145 1070 3196 iunctum
1087 3145 1163 3206 esset,
1176 3156 1225 3193 non
1239 3143 1423 3210 intelligebant.
1433 3170 1466 3180 -

302 3227 332 3279 in
350 3244 383 3280 eo
398 3229 449 3282 i.e.
466 3229 494 3281 in
512 3245 542 3282 ea
560 3245 596 3293 re,
613 3235 719 3298 propter
736 3246 792 3282 eam
811 3247 922 3284 cansam.
957 3230 1055 3282 Iniuste
1073 3233 1158 3282 nutem
1180 3243 1227 3295 per
1245 3231 1327 3281 totum
1345 3228 1412 3281 burro
1431 3229 1467 3280 lo·

304 3330 366 3366 cnm
384 3315 526 3384 vituperari
542 3315 646 3368 Rullum
664 3316 697 3369 ab
715 3315 836 3369 Cicerone
854 3319 881 3369 in
899 3332 1009 3370 excursu
1026 3315 1200 3386 exposuimus.

393 3399 436 3453 31.
453 3408 531 3468 atque
548 3403 742 3470 usurpationem
759 3404 894 3456 oetnstntr‘s
911 3404 928 3456 i.
940 3419 962 3455 e.
981 3403 1014 3455 ad
1031 3418 1135 3466 morem,
1157 3402 1201 3469 qui
1219 3400 1362 3454 diutissime
1381 3417 1396 3453 a
1414 3418 1466 3454 ma·

302 3488 406 3541 toribus
420 3487 572 3542 observatus
581 3491 629 3552 est,
639 3488 808 3543 retinendum.
832 3489 898 3542 Nam
916 3495 1029 3542 vetustus
1040 3490 1142 3552 dicitur,
1152 3503 1217 3555 quae
1233 3488 1283 3539 ianr
1302 3488 1346 3539 diu
1358 3491 1398 3539 est
1407 3503 1467 3539 con·

303 3574 426 3638 suetudo,
434 3591 564 3643 usurpare
573 3579 658 3628 autem
667 3574 817 3642 instando
827 3576 936 3628 retinere
946 3590 976 3627 ac
985 3589 1143 3627 conservare.
1162 3573 1465 3638 Paulopostscripsimus

302 3661 468 3715 auctoritatis
485 3674 564 3713 causa
576 3668 739 3729 occeperunt,
757 3664 786 3713 ut
797 3662 947 3730 simpliciter
959 3665 1058 3724 narret;
1077 3660 1190 3727 alioquin
1202 3658 1261 3709 lerri
1274 3659 1376 3724 poterat
1388 3656 1465 3707 etiam

303 3746 463 3817 occeperint,
480 3748 507 3799 in
524 3762 575 3815 quo
593 3747 720 3814 quoddam
742 3749 913 3816 oppositionis
939 3763 1045 3800 acumen
1071 3748 1152 3798 inestz
1179 3744 1296 3809 quamvis
1314 3741 1376 3793 nihil
1394 3755 1465 3792 acce·

301 3834 399 3903 paint,
416 3833 519 3901 quantis
536 3836 622 3885 tamen
640 3835 795 3886 ornamentis
814 3833 968 3886 afficiantur.
1008 3832 1043 3884 At
1061 3831 1127 3884 intra
1145 3828 1215 3896 qnod
1229 3827 1403 3880 ‹lr'aar'ou'llr'rnn
1420 3843 1464 3878 ra·

303 3920 375 3972 tione
386 3917 489 3986 fortem
512 3919 547 3971 sit
570 3923 673 3986 oportet
695 3935 753 3972 esse
771 3920 975 3981 coniunctivnm;
998 3934 1058 3970 narn
1080 3918 1106 3968 in
1125 3930 1155 3967 eo
1178 3915 1236 3981 ipso
1255 3913 1323 3965 Rulli
1340 3912 1463 3980 iniquitas

302 4005 355 4057 sita
377 4008 430 4070 est,
453 4005 522 4073 quod
546 4021 611 4072 quae
636 4004 770 4057 dissimilia
792 4020 849 4058 esse
872 4005 959 4068 uidet,
981 4005 1014 4057 iis
1037 4004 1105 4055 idem
1133 4002 1174 4053 ius
1203 3999 1301 4052 tribuit.
1344 3999 1409 4052 Nam
1435 4002 1464 4049 ut
1487 4045 1490 4050 .

300 4106 369 4160 quae
399 4090 536 4143 dissimilia
571 4096 643 4156 sunt,
678 4092 737 4160 pari
768 4090 824 4144 loco
856 4092 966 4154 habeas,
997 4104 1082 4142 errore
1114 4087 1192 4139 etiam
1223 4089 1249 4137 et
1279 4085 1331 4137 veri
1362 4085 1464 4152 ignora·

300 4176 374 4228 tione
391 4179 478 4244 potest
490 4176 619 4229 accidere.
643 4204 677 4214 —
700 4176 822 4244 auspicio
848 4177 1057 4230 deducendorum
1078 4173 1238 4226 coloniarum
1260 4187 1341 4224 conso
1363 4197 1397 4204 -
1418 4169 1463 4223 lra-

301 4261 370 4323 berc,
386 4261 524 4329 pullarios.
554 4262 682 4315 Immerito
707 4263 733 4314 in
752 4262 804 4325 nis,
828 4278 893 4330 quae
916 4277 1042 4315 consensu
1066 4260 1183 4313 codicum
1205 4258 1353 4319 traduntur,
1376 4255 1463 4307 haese-

301 4351 363 4401 runt
381 4345 506 4400 editores:
530 4363 638 4416 quornm
656 4348 701 4399 alii
718 4348 849 4401 eiecerunt
866 4349 1000 4417 auspicio,
1019 4352 1045 4400 et
1063 4347 1138 4399 nimis
1156 4344 1290 4398 Xviralem
1308 4345 1463 4410 potestatem

300 4434 448 4486 minuentes
466 4437 492 4485 et
509 4433 536 4486 in
553 4449 580 4486 re
597 4434 656 4501 ipsa
672 4438 818 4501 peccantes.
860 4432 927 4486 Nam
949 4435 1006 4502 quis
1024 4450 1136 4503 unquam
1159 4431 1226 4500 apud
1239 4431 1369 4483 Romnum
1387 4428 1464 4479 habe·

300 4520 347 4572 bat
365 4519 503 4588 pullarios,
524 4521 587 4589 quin
609 4519 677 4572 idem
701 4520 807 4572 baberet
825 4520 957 4588 auspicia?
1001 4521 1055 4575 Nec
1078 4519 1195 4574 consulto
1214 4517 1361 4571 Ciceronem
1378 4514 1463 4566 minus

299 4605 440 4677 magnifiee
457 4607 489 4659 de
506 4606 596 4659 Xuiris
614 4606 710 4659 dixisse
729 4607 862 4673 probabile
879 4613 927 4662 est.
962 4608 1014 4661 Alii
1030 4607 1159 4676 pullarios
1177 4604 1293 4657 deterunt
1311 4615 1362 4653 non
1380 4598 1462 4667 magis
1515 4659 1516 4662 Ἰ

300 4698 382 4758 reete,
398 4694 459 4764 quia
477 4709 534 4747 cum
552 4694 567 4759 ξ
584 4693 618 4747 32
636 4697 878 4760 commemorentur,
895 4709 984 4749 eorum
1005 4694 1160 4747 mentionem
1183 4687 1334 4742 antecedere
1351 4687 1462 4755 oportet.
