3550 5492
691 542 1006 655 ἦ--43-

313 755 448 841 reperio,
471 755 615 836 Quirites,
638 753 718 818 nihil
740 753 825 817 uliud
847 758 1040 838 susceptum,
1063 750 1143 816 nihil
1165 750 1251 815 aliud
1274 754 1393 827 actum,
1416 744 1478 809 nisi

313 865 354 924 ut
375 857 483 924 decem
503 878 590 942 reges
604 857 725 941 aerarii,
741 855 949 939 vectigalium,
964 852 1191 941 provinciarum
1210 850 1359 931 omnium,
1382 847 1477 912 totius

314 959 515 1048 reipublicae,
537 981 712 1047 regnorum,
734 960 901 1026 liberorum
929 957 1127 1045 populorum,
1150 953 1231 1021 orbis
1258 954 1391 1037 denique
1416 957 1476 1018 ter.-

314 1086 425 1133 rarum
447 1065 565 1131 domini
587 1064 847 1130 constituerentur
875 1063 952 1147 legis
975 1063 1112 1147 agrariae
1140 1059 1337 1126 simulatione
1365 1080 1400 1122 ae
1422 1076 1477 1121 no-

314 1169 412 1235 mine.
457 1168 510 1234 Sic
530 1171 693 1252 confirmo,
716 1168 865 1250 Quirites,
895 1169 952 1232 hac
976 1167 1043 1249 lege
1065 1164 1201 1248 agraria,
1231 1163 1360 1251 pulchra
1386 1168 1477 1249 atque

314 1273 477 1360 populari,
510 1273 578 1338 dari
604 1272 690 1338 uobis
713 1272 809 1355 nihil,
842 1272 1008 1338 condonari
1035 1271 1126 1336 certis
1153 1268 1329 1334 hominibus
1357 1268 1476 1333 omnia:

314 1376 468 1443 ostentari
488 1376 595 1463 pepuli
606 1375 738 1442 Romani
753 1394 854 1460 agros,
874 1375 953 1461 eripi
967 1375 1061 1438 etiam
1075 1373 1264 1437 libertatem:
1286 1371 1477 1457 privatorum

313 1480 464 1570 pecunias
486 1479 603 1564 augeri,
624 1478 763 1565 publicas
785 1479 956 1544 exhauriri:
980 1478 1128 1560 denique,
1152 1476 1233 1560 quod
1255 1480 1302 1540 est
1323 1475 1476 1558 indignis-

313 1584 443 1664 simum,
464 1602 519 1669 per
541 1581 702 1647 tribunum
724 1579 832 1666 plebis,
860 1601 952 1665 quem
974 1580 1104 1646 maiores
1131 1579 1302 1664 praesidem
1324 1577 1475 1642 libertatis

313 1685 536 1771 custodemque
565 1704 630 1750 esse
658 1684 845 1766 voluerunt,
868 1704 954 1768 reges
982 1682 1016 1746 in
1045 1680 1170 1746 civitate
1192 1679 1346 1746 constitui.
1391 1679 1475 1756 Quae
1488 1693 1518 1746 le

313 1812 389 1865 curn
410 1810 592 1881 exposuero,
621 1789 649 1856 si
675 1788 754 1856 falsa
780 1787 867 1855 vohis
891 1808 956 1852 esse
978 1784 1181 1867 videbuntur,
1211 1805 1322 1868 sequar
1343 1782 1475 1848 auctori-

312 1902 412 1963 tatem
433 1898 578 1977 vestram,
600 1894 727 1960 mutabo
742 1915 845 1960 meam
859 1889 1063 1957 sententiam:
1087 1889 1137 1954 sin
1158 1887 1288 1954 insidias
1302 1886 1474 1951 fieriliber-

311 2000 372 2069 tati
400 2005 520 2065 vetrae
548 1998 746 2065 simulatione
773 1995 946 2082 largitionis
973 1992 1168 2076 intelligetis,
1206 1990 1301 2058 nolite
1334 1990 1475 2055 dubitare

310 2100 450 2191 plurimo
470 2099 580 2165 sudore
602 2105 635 2165 et
653 2100 806 2184 sanguine
827 2099 981 2164 maiorum
996 2101 1168 2161 vestrorum
1185 2094 1474 2180 partam-vobisque

309 2204 462 2272 traditam
472 2203 646 2269 libertatem
658 2203 858 2269 nullolabore
873 2208 975 2267 vestro
995 2201 1119 2266 consule
1141 2199 1281 2266 adiutore
1303 2199 1473 2264 defendere.
1512 2277 1516 2286 ι

399 2304 543 2371 Primum
557 2310 650 2392 caput
664 2310 712 2370 est
724 2305 801 2389 legis
817 2305 964 2390 agrariae,
988 2326 1058 2393 quo,
1081 2310 1117 2370 ut
1136 2303 1184 2368 illi
1198 2309 1319 2390 putant,
1342 2309 1474 2390 tempta·
1484 2320 1531 2374 vll

403 2463 503 2511 Quis-tua
520 2463 575 2501 satit
591 2463 653 2502 ettad
666 2464 787 2511 cerintum,
801 2464 861 2503 asara
874 2483 899 2491 —
912 2464 1124 2510 simulationemque
1137 2463 1226 2502 nomiae.
1242 2480 1267 2490 -
1280 2463 1385 2502 caunum·
1394 2463 1475 2511 popule

307 2534 410 2574 mne
422 2540 496 2581 earet.
511 2550 536 2560 -
544 2540 587 2580 per
602 2531 699 2572 tritam
709 2532 785 2581 pletis,
798 2541 850 2580 quoe
863 2553 888 2563 -
898 2533 1012 2581 praesides
1027 2551 1051 2560 -
1065 2533 1208 2579 accedesque.
1221 2549 1247 2562 ι·
1261 2528 1359 2576 1t.aum,
1374 2530 1474 2577 Quirites,

307 2609 438 2651 apeme
454 2619 480 2629 -
493 2600 619 2640 addebamur
632 2608 683 2641 esee.
696 2618 722 2628 -
743 2601 836 2642 mittete.
848 2620 874 2632 -
887 2602 993 2640 nesiorum
1013 2597 1147 2653 [nestrorum]
1165 2602 1264 2651 partam·
1284 2616 1309 2626 -
1332 2599 1392 2639 uallo
1405 2603 1474 2640 cestro

308 2668 394 2712 tutore.

305 2798 404 2870 populi
420 2796 536 2852 Romam
551 2814 638 2866 apros.
673 2798 717 2851 Sic
734 2799 812 2852 scribi
829 2799 920 2852 iubent
936 2797 1036 2851 cedices
1053 2798 1198 2866 falsumque
1216 2801 1269 2861 est,
1288 2798 1357 2865 quod
1374 2799 1402 2850 in
1419 2798 1472 2851 edi·

306 2884 427 2939 tionibus
444 2882 528 2938 adhuc
546 2883 596 2937 fuit
609 2884 708 2953 populo
726 2883 852 2937 Rectene.
883 2884 950 2938 Nam
968 2886 1089 2953 quoniam
1105 2884 1216 2954 populus
1235 2885 1366 2936 Romanus
1384 2899 1471 2936 omnes

307 2971 381 3024 cives
399 2969 578 3038 complectitur
598 2971 856 3039 communitatemque
874 2971 988 3025 civitatis
1006 2971 1147 3040 significat,
1170 2970 1239 3039 quod
1255 2971 1346 3039 populi
1362 2971 1471 3023 Romani

307 3060 367 3122 est,
390 3056 418 3110 in
435 3056 534 3110 acurio
559 3061 599 3110 est
622 3061 698 3126 atque
721 3058 796 3110 hrrius
818 3058 916 3110 reditus
938 3060 1023 3127 auget.
1060 3058 1143 3122 Quare
1161 3057 1204 3125 qui
1219 3057 1316 3126 populo
1335 3055 1368 3109 R.
1387 3059 1471 3108 osten-

306 3145 402 3197 tantur
420 3142 485 3210 agri,
502 3146 563 3197 sunt
579 3144 606 3208 ii,
624 3144 669 3212 qui
687 3145 784 3212 acquiri
795 3145 897 3212 possint
913 3145 953 3197 vel
966 3144 1116 3213 abpriratis
1134 3143 1175 3196 vel
1187 3143 1221 3195 ab
1232 3143 1344 3195 externis
1357 3141 1471 3210 populis,

307 3234 338 3285 nt
356 3231 420 3284 nori
436 3229 497 3284 inde
514 3232 606 3285 aerarii
622 3232 720 3286 reditus
743 3232 899 3286 efficiantur:
924 3233 967 3301 qui
981 3232 1076 3302 populi
1092 3231 1167 3285 Rom.
1187 3231 1242 3300 agri
1260 3229 1433 3292 ostentantur,
1451 3228 1470 3280 ii

307 3318 444 3381 dicuntur,
469 3317 590 3385 quicum
612 3318 708 3371 sintin
726 3318 838 3383 aerario,
862 3318 915 3372 iam
942 3319 977 3371 ad
998 3317 1164 3373 diuidendum
1189 3317 1260 3387 plebi
1278 3317 1469 3386 promittantur.

306 3402 479 3457 Prsaarm
492 3404 621 3472 peccarim
645 3408 707 3457 sunt
726 3419 778 3456 non
801 3403 883 3458 solum
908 3421 1008 3470 eorum,
1035 3407 1160 3476 aquibus
1187 3405 1242 3473 agri
1265 3405 1360 3472 quanto
1382 3401 1471 3455 volent

306 3491 440 3554 ementur,
461 3488 508 3541 sed
524 3487 636 3542 fortasse
657 3487 734 3541 etiam
751 3489 866 3557 ipsorum
883 3489 1009 3554 iturum,
1032 3492 1076 3559 qui
1093 3492 1224 3544 curatione
1242 3488 1275 3542 ad
1302 3503 1376 3541 suum
1394 3501 1470 3554 quae·

305 3577 378 3629 stum
396 3573 541 3627 abutantur.
578 3571 721 3626 Tritanum
733 3573 817 3642 pletis
835 3590 914 3627 unum
931 3575 1046 3646 intellige
1063 3576 1092 3628 P.
1112 3575 1262 3638 Servilium,
1286 3575 1330 3641 qui
1352 3571 1469 3640 quamvis

306 3660 456 3730 complures
474 3658 631 3726 ascriptores
649 3658 763 3725 haberet,
780 3662 934 3729 praecipuus
952 3665 1038 3716 tamen
1057 3663 1121 3732 legis
1140 3665 1228 3715 auctor
1246 3663 1308 3712 erat

397 3745 439 3799 16.
456 3745 536 3798 nolite
554 3745 681 3800 dubitare.
716 3747 816 3802 Inritus
833 3765 916 3818 prope
933 3749 995 3814 ieci,
1019 3753 1049 3803 ut
1070 3751 1119 3802 hoc
1137 3748 1205 3817 quod
1223 3746 1341 3800 codicum
1360 3744 1468 3797 auctori·

305 3835 361 3886 tate
377 3831 550 3885 commendari
567 3831 705 3897 rideretur,
723 3833 870 3901 reciperem.
897 3833 963 3887 Nam
982 3850 1072 3888 severa
1082 3833 1215 3896 Latinitas,
1233 3848 1292 3885 eum
1308 3831 1423 3884 futurum
1439 3833 1467 3883 in
1494 3885 1500 3894 ,

306 3917 438 3980 sententia
454 3916 607 3970 secundaria
624 3918 785 3986 adiungatur,
802 3920 982 3988 imperativum
995 3921 1075 3973 tutori
1086 3918 1209 3988 postulat.
1236 3918 1291 3972 Nec
1301 3919 1330 3972 in
1346 3920 1467 3987 promptu

305 4008 347 4058 est
371 4003 504 4058 Ciceronis
526 4004 598 4057 locus
626 4005 731 4071 simiHs,
758 4007 807 4060 etsi
831 4006 938 4060 aliorum
966 4008 1120 4076 scriptorum
1143 4005 1270 4059 bonorum
1296 4006 1466 4075 reperiuntur.

305 4082 467 4158 Quemquam
484 4106 517 4145 ne
535 4090 566 4143 de
584 4090 705 4145 Cicerone
723 4094 827 4161 quidem
844 4094 948 4158 dubito;
966 4095 990 4146 si
1007 4093 1073 4145 enim
1090 4092 1259 4160 praecedente
1276 4094 1362 4145 futuro
1379 4094 1467 4144 tamen

303 4177 332 4230 in
349 4177 480 4230 sentemia
496 4176 556 4230 inde
569 4182 630 4246 apta
641 4179 763 4232 non'raro
782 4196 904 4249 praesens
916 4181 1028 4248 ponitur,
1047 4179 1174 4248 quomodo
1186 4180 1331 4247 imperativi
1343 4193 1466 4248 praesens

302 4265 408 4331 tempus
425 4261 453 4314 in
470 4262 601 4315 simillima
618 4280 697 4317 causa
714 4266 787 4333 sequi
803 4280 881 4332 posse
899 4264 1067 4332 negabimus?
1102 4264 1157 4317 Nec
1175 4265 1285 4318 fortasse
1302 4266 1328 4319 h.
1340 4265 1356 4318 l.
1376 4263 1465 4318 Cicero

303 4347 327 4400 si
345 4346 378 4400 de
396 4363 433 4411 re,
451 4363 517 4417 quae
529 4349 629 4418 agenda
646 4354 723 4415 esset,
742 4352 879 4416 (haeretur,
897 4367 1019 4420 praesens
1041 4353 1178 4420 posuisset,
1196 4352 1276 4405 ueluti
1294 4352 1337 4404 uix
1357 4352 1465 4405 dixisset

304 4434 386 4487 nolite
404 4433 463 4487 trit.
477 4436 518 4504 pl.
536 4436 681 4504 defendere,
699 4438 783 4490 sedin
796 4440 874 4492 animi
887 4439 1078 4504 deliberatione,
1097 4455 1161 4509 quae
1171 4440 1257 4493 statim
1267 4439 1364 4506 suscipi
1373 4438 1465 4506 possit,

303 4520 383 4573 eliam
400 4521 662 4589 praesens'ieremus.
707 4523 787 4578 Paulo
808 4528 870 4594 post
885 4542 931 4580 cur
952 4527 1146 4580 diminutionem
1164 4526 1350 4595 scripserimus
1368 4510 1464 4576 dictum

304 4609 346 4659 eet
363 4606 399 4659 ad
415 4609 482 4661 orat
491 4607 511 4673 1,
520 4609 545 4673 7,
555 4611 596 4664 al.
608 4639 641 4679 ·.·
660 4610 888 4682 tribunusplebis
906 4641 940 4650 —
958 4630 1048 4668 creare
1064 4615 1113 4668 ie.
1132 4614 1236 4667 Rullum
1254 4613 1323 4675 (nam
1341 4610 1364 4662 is
1381 4610 1462 4678 legem

304 4692 377 4758 tulit)
394 4695 502 4749 comitia
518 4696 614 4751 habere
624 4696 715 4752 Xriris
728 4699 853 4765 creandis,
871 4699 1017 4769 praesidere
1034 4701 1068 4757 iis
1085 4699 1220 4771 omniaque
1236 4712 1303 4768 quae
1319 4693 1462 4769 praesidem
