3550 5492
810 626 845 668 xl

244 762 389 827 labimus.
434 762 542 828 Cetera
563 766 676 843 autem,
698 782 777 846 quae
799 762 837 826 de
858 761 991 827 Xvirum
1018 762 1217 836 intolerantia
1244 761 1399 842 dicuntur,

246 894 284 939 ex
306 875 363 940 hoc
384 873 595 962 quinquennio
617 880 857 960 consequuntur,
879 872 966 939 velut
986 873 1067 959 quod
1088 873 1214 938 interim
1235 872 1346 938 Xviros
1367 873 1402 936 in

245 985 398 1051 iudicium
411 987 513 1052 vocari
528 1006 591 1052 non
604 986 726 1069 licebat,
747 987 783 1051 in
797 1006 858 1071 quo
871 985 978 1051 eodem
999 984 1066 1050 iuro
1081 1004 1187 1050 omnes
1201 985 1403 1070 magistratus

246 1104 336 1179 sunt,
364 1099 446 1183 quod
472 1098 548 1164 alios
576 1099 775 1182 magistratus
802 1105 906 1185 petere
931 1098 1043 1163 licebat
1065 1099 1153 1183 (nam
1179 1097 1404 1163 idem'IIlviris

246 1211 439 1297 Semproniis
460 1210 586 1277 licuisse
607 1210 711 1276 Fulvii
732 1210 835 1278 Flacci
862 1217 893 1276 et
921 1210 1056 1275 consulis
1078 1216 1109 1275 ot
1135 1209 1240 1274 eodem
1267 1216 1403 1295 tempore

245 1323 352 1388 Illviri
379 1324 556 1409 exemplum
592 1322 693 1405 docet,
721 1323 801 1409 App.
830 1322 901 1388 boll.
930 1322 1135 1404 oiv.I,18):
1163 1342 1220 1385 nec
1255 1321 1335 1386 illud
1364 1321 1404 1386 ab

247 1455 331 1516 more
358 1435 533 1519 recedebat,
567 1435 648 1523 quod
675 1434 807 1519 siugulis
833 1434 970 1500 indicare
997 1434 1233 1521 permittebatur
1254 1436 1342 1515 (orat.
1364 1434 1403 1515 ll,

248 1548 299 1630 13,
324 1549 391 1634 34),
413 1548 447 1613 in
469 1567 535 1632 quo
552 1548 658 1613 eodem
685 1548 753 1612 iure
774 1566 837 1612 non
864 1553 989 1613 tantum
1017 1546 1071 1610 alii
1099 1545 1298 1629 magistratus
1320 1550 1403 1627 sunt,

245 1681 356 1725 verum
377 1661 472 1726 etiam
493 1665 600 1725 omnes
628 1666 782 1725 curatores
804 1659 918 1743 agrarii
945 1659 1061 1725 versari
1087 1658 1227 1723 solebant
1247 1657 1299 1741 (of.
1322 1662 1410 1722 com-‘

246 1776 377 1837 mentat.
399 1777 519 1838 nostras
541 1773 766 1858 epigraphlp.
778 1770 866 1855 232).
893 1771 1015 1856 *quue
1036 1770 1209 1856 promptius
1229 1775 1295 1836 erat
1316 1771 1406 1838 auxi·

246 1883 336 1966 lium,
359 1886 434 1969 qnia
455 1904 526 1950 oum
547 1876 631 1949 more
649 1884 788 1949 Romano
810 1904 866 1969 par
880 1888 1013 1971 potestas
1028 1882 1099 1972 plus
1125 1881 1251 1965 valeret,
1274 1881 1405 1968 singulis

246 1995 341 2083 ctiam
363 1997 551 2062 intercedere
572 1996 694 2063 licebat.

333 2109 420 2186 Quod
441 2110 537 2194 igitur
557 2109 593 2174 in
604 2108 710 2174 Xviris
732 2107 955 2174 constituendis
977 2113 1032 2174 aut
1045 2107 1125 2173 nihil
1140 2128 1256 2174 novum
1272 2114 1405 2195 tcmpta-

247 2227 315 2286 tum
338 2227 402 2304 aut,
425 2221 452 2286 si
474 2222 549 2307 quid
562 2227 776 2312 temptaretur,
798 2222 832 2286 id
853 2221 893 2285 ad
907 2221 1044 2308 partium
1058 2221 1162 2286 studia
1175 2220 1313 2286 tollenda
1333 2241 1405 2286 con-

247 2334 442 2419 cordiamque
464 2334 598 2400 civitatis
618 2330 772 2422 pertinere
792 2333 1014 2415 intelleximus,
1035 2333 1118 2397 idem
1139 2333 1174 2397 in
1196 2333 1245 2415 iis,
1268 2352 1347 2416 quae
1369 2331 1407 2396 de

247 2467 321 2533 agro
342 2447 465 2534 publico
481 2447 608 2532 eiusque
623 2448 774 2513 divisione
788 2446 1084 2532 praescribebantur,
1104 2445 1198 2510 etiarn
1213 2444 1407 2509 manifestius

247 2564 383 2644 apparet.
427 2559 552 2624 Etenim
574 2581 646 2624 oum
673 2560 774 2625 omnis
795 2559 846 2623 lox
868 2558 990 2644 agraria
1010 2559 1044 2623 in
1066 2577 1139 2643 agro
1160 2558 1283 2648 publico
1304 2574 1407 2625 verse·

247 2676 309 2752 tur,
332 2670 400 2734 eius
423 2671 458 2734 in
483 2671 575 2736 Italia
597 2671 722 2756 quidem
736 2671 893 2736 Ciceronis
915 2676 1051 2755 tempore
1073 2668 1134 2734 duo
1155 2667 1335 2756 supererdnt
1356 2692 1408 2754 ge·

249 2802 335 2863 nera,
359 2802 468 2863 unum,
491 2781 573 2866 qnod
595 2802 665 2846 vers
686 2782 722 2846 in
736 2787 888 2868 potestate
909 2781 1017 2868 populi
1029 2781 1162 2846 Romani
1179 2788 1255 2864 crat,
1276 2783 1311 2848 in
1332 2783 1408 2847 urbe

245 2893 318 2978 ipsa
340 2891 442 2956 multa
463 2890 529 2956 loca
551 2892 676 2978 pubhca
697 2899 729 2958 et
746 2891 868 2973 sacella,
891 2899 978 2958 extra
998 2892 1108 2957 urbem
1129 2913 1201 2976 ager
1222 2894 1408 2980 Campanus,

247 3025 340 3072 mons
362 3004 492 3086 Gaurus,
515 3004 623 3070 salicta
636 3004 675 3068 ad
690 3004 877 3086 Minturnas,
899 3003 953 3068 via
966 3003 1168 3088 Herculanea,
1191 3005 1271 3070 silva
1284 3005 1410 3071 Scantia

248 3117 371 3200 aliaque
393 3136 456 3182 non
478 3116 595 3200 multa,
618 3137 698 3201 quae
720 3137 739 3181 a
761 3116 906 3182 Cicerone
927 3115 991 3182 non
1012 3117 1222 3184 nominantur.
1266 3118 1409 3185 Alterum

251 3249 347 3311 genus
370 3234 436 3293 erat
458 3248 564 3294 eorum
586 3210 739 3313 agrorum,
755 3249 831 3314 quos
853 3248 1043 3316 possessores
1065 3235 1170 3296 contra
1191 3232 1274 3315 leges
1296 3231 1409 3299 Gorne-

250 3339 311 3404 lias
332 3339 489 3421 tenebant,
511 3340 578 3406 sive
599 3362 651 3406 eos
672 3363 735 3405 non
751 3342 922 3424 assignatos
938 3350 1124 3430 occuparant
1145 3344 1211 3409 sive
1233 3344 1347 3410 divmos
1369 3346 1408 3411 ab

251 3450 341 3515 Sulla
362 3457 527 3534 contrane
548 3452 598 3517 lex
627 3451 767 3536 iubebat,
795 3460 979 3519 coemerunt.
1029 3453 1112 3520 Nam
1140 3455 1279 3539 reliquus
1307 3457 1408 3521 omnis

249 3583 331 3646 ager,
354 3563 409 3646 qui
431 3561 505 3628 olim
526 3563 561 3627 in
583 3563 675 3629 ltalia
696 3563 845 3650 'publicus
872 3565 980 3652 populi
1001 3566 1135 3631 Romani
1155 3568 1271 3649 fuerat,
1293 3567 1343 3632 vel
1364 3568 1408 3632 le·

250 3674 341 3757 gibus
363 3673 555 3760 Semproniis
578 3675 709 3761 aliisque
725 3676 868 3764 deinceps
883 3678 1003 3744 dimsus
1019 3684 1094 3761 erat,
1116 3679 1176 3760 vel,
1199 3698 1270 3741 cum
1292 3677 1330 3742 ab
1344 3679 1409 3762 pri-

247 3785 330 3850 vatis
356 3785 579 3871 possideretur,
609 3788 730 3872 legibus
758 3794 827 3874 post
854 3789 888 3855 C.
919 3789 1048 3855 Gracchi
1074 3789 1237 3853 interitum
1264 3789 1336 3854 latis
1363 3789 1408 3854 ita

248 3897 457 3980 confirmatus,
479 3904 516 3963 ut
530 3899 632 3966 denuo
653 3901 770 3965 moveri
785 3921 847 3966 non
871 3905 984 3986 posset,
1006 3901 1056 3964 vel
1079 3899 1210 3984 denique
1226 3900 1294 3965 aL.
1309 3900 1406 3984 Sulla,

247 4014 285 4073 ut
312 4008 464 4073 militibus
492 4010 679 4095 provideret,
708 4017 918 4098 consumptus.
969 4011 1050 4089 Quid
1077 4011 1173 4095 igitur
1197 4012 1318 4077 Rullus
1335 4034 1407 4078 cum

248 4120 332 4184 cives
355 4120 463 4205 inopes
485 4120 520 4184 in
541 4123 623 4204 agris
645 4123 791 4188 collocare
813 4123 988 4206 statuisset,
1010 4123 1143 4217 faceret?
1185 4124 1268 4190 Num
1288 4145 1407 4211 posses·
1441 4183 1443 4187 r
1543 4165 1547 4173 -

248 4250 333 4297 sores
355 4231 500 4297 Sullanos
528 4233 685 4299 moveret?
728 4235 799 4299 lure
826 4235 860 4299 id
890 4235 959 4300 sine
987 4235 1080 4300 dubio
1105 4237 1204 4300 facere
1230 4242 1351 4322 poterat
1372 4259 1407 4302 ac

247 4342 377 4407 meliore·
396 4343 472 4407 adeo
496 4362 588 4428 quam
617 4345 691 4410 clim
714 4345 763 4411 Ti.
786 4345 941 4411 Gracchus
963 4352 1081 4412 veteres
1108 4368 1296 4434 possessores
1318 4349 1407 4413 dece·

247 4454 354 4519 cedere
376 4455 524 4521 iusserat:
555 4454 709 4540 siquidem
736 4455 785 4520 illi
805 4456 955 4541 quicquid
982 4459 1139 4541 tenebant,
1161 4458 1199 4522 ab
1220 4458 1306 4522 hoste
1328 4458 1407 4524 hello

247 4571 374 4653 captum
398 4573 584 4654 occuparant
605 4589 640 4633 ao
662 4567 836 4634 diutissime
858 4569 926 4633 sine
947 4569 1153 4636 controversia
1176 4574 1350 4652 tenuerant,
1363 4570 1406 4641 „hi

247 4678 457 4745 crudelissimi
478 4680 675 4746 belli-civilis
689 4679 865 4746 calamitate
890 4680 980 4749 abusi
993 4685 1082 4746 erant
1096 4680 1230 4749 necdum
1251 4680 1406 4747 diuturni*
