3550 5492
811 572 1046 647 —130-

349 738 403 807 vix
425 740 569 827 relictum
591 746 648 805 est.
693 740 768 805 Erat
790 742 875 806 enim
896 743 997 827 posita
1018 743 1053 805 in
1076 743 1226 825 angustiis
1242 750 1335 828 atquo
1355 745 1391 809 in
1410 746 1491 811 louei-

349 845 406 909 bus
422 843 565 907 Graeciae
587 843 640 925 sic,
663 849 700 907 ut
721 849 803 909 terra
824 846 959 911 claustra
978 845 1115 911 locorum
1137 853 1255 913 teneret
1277 854 1308 913 et
1329 849 1389 914 duo
1409 851 1492 915 maria
1537 900 1539 907 .

348 945 483 1011 maxime
510 943 701 1027 navigationi
730 943 852 1010 diversa
883 968 981 1030 paene
1014 951 1226 1033 coniungeret,
1260 972 1333 1015 eum
1365 954 1493 1039 pertenui

333 1047 525 1112 ¹discrimine
548 1052 737 1131 separentur.
774 1048 868 1125 Haec,
892 1068 970 1132 quae
992 1052 1098 1136 procul
1112 1059 1201 1117 erant
1222 1074 1241 1116 a
1262 1061 1427 1140 conspectu
1445 1056 1493 1119 in·

347 1152 435 1238 perii,
458 1173 520 1217 non
542 1152 642 1216 solum
664 1152 849 1233 afflixerunt,
866 1152 920 1217 sed
941 1153 1046 1235 etiarn,
1069 1176 1108 1219 ne
1122 1155 1246 1239 quando
1260 1163 1397 1222 recreata
1417 1179 1493 1223 exm-

305 1273 339 1327 ss
348 1277 417 1338 gere
439 1262 531 1341 atque
554 1255 670 1341 eripere
692 1276 725 1319 se
747 1261 884 1340 possent,
908 1254 1059 1337 funditus,
1082 1261 1118 1321 ut
1132 1257 1207 1339 dixi,
1228 1258 1432 1325 sustulerunt.
1457 1259 1493 1323 De

432 1425 594 1470 repararentur.
608 1438 633 1450 -
647 1423 712 1466 atque
723 1420 809 1466 eriam
823 1428 852 1457 se.

346 1564 418 1621 simis
436 1565 537 1629 insulis,
554 1567 659 1632 propter
677 1563 741 1617 duas
760 1580 851 1617 causas
876 1565 909 1617 ab
927 1563 1021 1619 Ursino
1043 1565 1217 1635 vituperatur,
1234 1567 1347 1636 primum
1366 1567 1436 1637 quod
1450 1582 1493 1623 noa

344 1656 476 1708 immineat
493 1652 620 1720 Carthago
638 1648 736 1715 ltaliae,
756 1640 847 1703 deinde
865 1651 947 1720 quod,
968 1652 991 1704 si
1009 1655 1095 1705 tamen
1114 1652 1213 1706 dicatur
1230 1654 1378 1719 imminere,
1397 1654 1446 1707 dici
1459 1653 1493 1707 de

344 1742 405 1794 bea't
429 1739 502 1808 prius
526 1738 618 1807 insulis
645 1739 777 1791 imminere
800 1755 876 1807 quam
899 1738 1001 1790 ltaliae:
1024 1739 1093 1806 qued
1112 1738 1250 1792 Gebhardt.
1270 1741 1372 1793 observ.
1396 1742 1450 1794 crit.
1464 1738 1494 1792 lll

345 1843 370 1894 p.
386 1826 417 1878 14
430 1824 574 1876 emendavit
591 1825 724 1877 imminere
733 1824 832 1876 duabus
844 1824 1072 1892 fructuosissimis,
1090 1840 1152 1877 sane
1170 1826 1265 1878 bonurn
1283 1829 1332 1890 est,
1344 1826 1392 1878 sed
1403 1829 1493 1894 propter

346 1911 463 1965 codicum
481 1913 627 1962 nestrorum
646 1910 771 1962 rationem
784 1909 912 1978 displicet,
929 1911 956 1962 in
973 1911 1066 1979 quibus
1085 1912 1107 1962 si
1125 1927 1177 1963 nou
1195 1912 1322 1976 omnibus
1342 1914 1369 1964 at
1387 1912 1493 1979 plurimis

345 1996 489 2050 numeralia·
497 1995 589 2065 litteris
602 1996 681 2048 scribi
692 1996 817 2048 solebant.
844 1995 934 2063 ltaque
946 1995 1018 2048 adid
1030 1994 1097 2064 quod
1110 1996 1207 2049 aditum
1225 2000 1272 2061 est,
1285 1996 1445 2051 devenimus.
1461 1995 1493 2049 Ci.

343 2084 371 2135 in
389 2080 461 2134 Verr.
480 2081 512 2144 V,
530 2081 573 2144 56,
593 2081 643 2133 145
660 2081 709 2133 iste
726 2080 755 2131 in
772 2081 859 2132 arania
876 2081 964 2132 maria
981 2080 1089 2148 infestus
1107 2097 1139 2134 en
1157 2082 1272 2135 erunibus
1290 2081 1403 2137 Siciliae
1418 2081 1494 2153 parti-

344 2168 390 2221 bus
407 2167 562 2231 imminebat,
580 2167 646 2220 Phil.
659 2166 691 2231 V,
709 2168 733 2231 7,
752 2166 786 2220 20
803 2167 878 2218 liuius
895 2167 1048 2219 mendicitas
1066 2196 1099 2204 —
1116 2168 1146 2219 in
1157 2167 1282 2236 fortunas
1299 2175 1404 2220 nostras
1421 2166 1495 2220 immi·

343 2254 427 2318 nebat,
445 2253 501 2318 Vll,
519 2253 543 2318 8,
562 2254 593 2306 m
615 2254 661 2322 qui
677 2254 705 2305 in
721 2260 822 2306 vestrm
837 2252 962 2320 fortunas
980 2252 1120 2316 imminent,
1137 2270 1163 2323 p.
1174 2253 1241 2307 dom.
1261 2254 1301 2318 18,
1318 2255 1352 2307 47
1370 2240 1494 2307 imminere

343 2341 486 2410 eupiditate
504 2340 533 2391 in
551 2339 717 2392 tribuniciam
730 2346 892 2409 potestatem,
910 2339 943 2392 ad
961 2338 1016 2392 Att.
1028 2328 1100 2404 XIV,
1115 2341 1178 2405 16,1
1198 2341 1228 2392 in
1237 2339 1318 2393 Paeti
1333 2340 1419 2393 cosmi
1435 2346 1495 2408 tyro·

344 2426 471 2479 taricleum
496 2426 666 2479 imminebant.
714 2426 797 2489 Quare
824 2426 956 2501 imminere
978 2426 1008 2478 iu
1039 2427 1142 2494 aliquid
1164 2429 1205 2481 est
1220 2427 1238 2478 i.
1257 2443 1280 2495 q.
1305 2423 1495 2495 concupiscendi

343 2528 422 2573 causa
446 2516 626 2580 prospectare,
650 2512 799 2580 cupiditatis
822 2512 910 2565 oculos
933 2513 960 2563 in
984 2511 1080 2580 aliquid
1098 2516 1259 2576 convertere;
1282 2527 1330 2565 nec
1348 2512 1371 2564 si
1389 2512 1422 2563 iis
1438 2524 1494 2579 quos

344 2599 477 2651 attulimus
495 2597 560 2650 loeis
579 2599 610 2650 de
628 2598 774 2650 hominibus
792 2597 1033 2667 concupiscentibus
1052 2598 1158 2661 dicitur,
1181 2614 1233 2650 non
1258 2598 1407 2665 putabimus
1425 2597 1493 2649 etiam

343 2684 375 2736 de
393 2683 549 2753 Carthagine
566 2699 644 2753 posse
662 2683 712 2736 dici
731 2685 771 2737 vel
789 2684 820 2736 de
838 2684 934 2753 populo
953 2683 1165 2753 Carthaginiensi,
1183 2685 1227 2752 qui
1243 2683 1381 2751 imperium
1399 2680 1494 2734 Siciliae

342 2773 370 2821 et
387 2770 522 2822 Sardiniae
541 2771 676 2823 affectarit.
712 2770 779 2823 Nam
797 2771 844 2822 hae
862 2773 924 2822 sunt
945 2769 1045 2822 insulae
1060 2769 1286 2836 fructuosissimae
1303 2770 1321 2821 i.
1338 2784 1361 2821 e.
1380 2766 1495 2821 frumeuti

340 2856 523 2921 fertilissimae,
541 2857 683 2926 exquibus
702 2857 772 2909 urbis
788 2857 884 2908 Romae
902 2854 1041 2924 Italiaeque
1058 2856 1160 2922 inopiae
1180 2854 1387 2907 subveniebatur.
1405 2883 1439 2891 -
1452 2850 1493 2905 Co

341 2944 424 2995 rintlri
440 2943 578 3012 vestigium
595 2946 644 2996 cet.
671 2942 788 2995 Eandem·
803 2941 924 2993 utilitatis
942 2942 1067 2993 rationem
1083 2941 1111 2992 in
1126 2938 1247 2993 Corintho
1265 2939 1376 2993 delenda
1393 2953 1494 2993 comma·

341 3033 423 3083 morat
441 3030 473 3083 de
492 3029 571 3093 off.1,
590 3031 620 3081 ll
641 3028 674 3082 35
692 3026 731 3079 At
749 3027 933 3095 Carthaginem
956 3033 983 3079 et
1001 3024 1173 3078 Numantiam
1190 3025 1313 3092 funditus
1331 3025 1494 3085 sustulerunt

339 3117 432 3169 nollem
451 3114 609 3178 Corinthum,
628 3115 674 3167 sed
691 3114 767 3166 credo
785 3113 888 3180 aliquid
904 3121 1010 3176 secutos,
1029 3112 1246 3181 opportunitatem
1263 3111 1494 3174 testimonimum

335 3207 426 3268 posset
443 3201 584 3268 aliquando
603 3200 640 3252 ad
656 3200 747 3253 bellum
758 3198 913 3268 faciendum
932 3200 1001 3251 locus
1018 3199 1073 3267 ipse
1092 3197 1286 3261 adltertari3,at
1303 3213 1329 3266 p.
1339 3193 1494 3266 legitimi,

341 3288 372 3338 ll
398 3290 505 3353 propter
531 3286 630 3353 legates
656 3286 793 3353 superbius
820 3284 963 3352 appellatos
987 3283 1136 3338 Corinthum
1160 3285 1298 3337 extinctam
1321 3296 1380 3335 esse
1402 3281 1494 3335 scribit

339 3371 430 3424 Plures
448 3371 527 3438 igitur
545 3370 687 3423 adtantam
697 3369 872 3423 crudelitatem
885 3386 979 3424 causae
991 3371 1183 3424 concurrebant.
1208 3368 1354 3439 Angustias
1372 3372 1458 3421 autem
1472 3372 1495 3418 et

334 3458 428 3524 fauces
449 3454 577 3507 Graeciae
594 3454 715 3523 intelligit
736 3455 865 3519 isthmum,
884 3470 959 3524 quern
980 3455 1071 3508 deinde
1089 3462 1215 3523 pertenue
1228 3455 1337 3506 marium
1359 3454 1494 3525 discrimen

340 3541 466 3613 appellat:
494 3556 544 3609 quo
566 3542 622 3595 loco
646 3543 697 3595 sita
718 3541 855 3595 Corinthus
878 3546 905 3594 et
929 3546 998 3594 terra
1019 3541 1095 3594 facile
1123 3541 1245 3594 isthmum
1272 3539 1409 3595 claudebat
1430 3540 1458 3603 (i.
1473 3553 1493 3591 a

340 3630 455 3682 claustra
473 3630 587 3682 lacerum
604 3629 719 3694 tenebat)
737 3632 763 3680 et
780 3643 849 3680 mare
867 3629 967 3681 lonium
985 3627 1157 3696 Aegeumque,
1175 3641 1241 3695 quae
1260 3625 1427 3695 navigationi
1443 3624 1493 3677 sive

339 3719 522 3787 navigantibus
540 3719 642 3771 diversa
659 3721 720 3771 sunt
736 3718 754 3770 i.
766 3733 788 3770 e.
807 3717 834 3768 in
846 3717 986 3769 contrarias
999 3731 1043 3768 eos
1055 3719 1143 3783 partes
1153 3714 1247 3776 ierunt,
1262 3712 1404 3780 coniungit
1430 3710 1494 3764 Seri-

340 3806 438 3873 psimus
456 3809 541 3857 autem
560 3821 611 3857 nen
629 3803 705 3857 medo
723 3806 830 3872 propter
847 3802 964 3855 codicum
981 3816 1142 3864 consensum,
1161 3799 1207 3852 sed
1223 3799 1301 3851 etiam
1317 3801 1426 3865 propter
1442 3811 1494 3849 sen·

339 3893 434 3943 tentiae
452 3892 630 3943 necessitatem
649 3896 810 3958 separentur,
828 3904 887 3941 cum·
905 3888 1046 3941 editoribus
1065 3886 1183 3939 omnibus
1200 3884 1325 3954 placuerit
1345 3897 1494 3953 separarem

339 3982 389 4028 tur.
416 3973 544 4028 Diversae
560 3975 627 4026 enim
639 3973 746 4026 rationis
760 3976 820 4025 sunt
829 3979 925 4025 teneret
937 3976 964 4024 et
976 3972 1148 4040 coniungeret,
1167 3985 1232 4037 quae
1245 3967 1407 4022 antecedunt
1430 3966 1493 4021 Nam

339 4066 426 4114 tenere
446 4062 561 4115 claustra
577 4060 692 4112 locorum
709 4063 735 4111 et
753 4059 907 4127 coniungere
925 4060 1006 4111 maria
1023 4073 1074 4110 non
1091 4061 1194 4127 poterat
1212 4055 1350 4109 Corinthus
1371 4054 1423 4107 nisi
1440 4066 1493 4105 oum

339 4151 427 4212 simet,
446 4146 575 4199 Ciceronis
594 4148 679 4197 aetate
697 4160 745 4198 nec
763 4146 868 4198 tenebat
885 4161 934 4198 nec
952 4145 1130 4213 coniungebat.
1160 4143 1196 4195 st
1212 4143 1321 4195 isthmus
1340 4141 1419 4192 etiam
1436 4142 1493 4191 hinc

338 4234 475 4300 separabat
492 4232 542 4284 diro
560 4231 648 4295 maria,
666 4246 696 4283 ac
713 4247 805 4299 parum
823 4231 954 4283 commode
978 4230 1094 4295 dixisset,
1111 4231 1135 4283 si
1151 4230 1179 4281 in
1196 4228 1305 4281 diversis
1329 4225 1406 4279 rebus
1428 4223 1493 4276 iden

337 4321 439 4385 tempus
456 4319 592 4386 posuisset.
615 4345 649 4355 -
672 4317 773 4386 eripere
796 4333 831 4369 se.
875 4317 958 4370 llinus
982 4316 1076 4368 bonum
1099 4318 1151 4379 est,
1169 4313 1238 4383 quod
1255 4312 1367 4365 editores
1394 4312 1493 4378 praeter

337 4402 490 4457 Lambinum
507 4421 595 4458 ornnes
612 4402 887 4472 scripserunt‘em‘perc
900 4419 939 4467 se,·
957 4418 1039 4471 neque
1056 4403 1124 4455 enim
1137 4400 1221 4453 differt
1238 4399 1271 4452 ab
1289 4412 1319 4450 eo
1338 4394 1408 4464 quod
1425 4396 1492 4448 anta·

338 4489 406 4543 cedit
428 4506 558 4560 exurgere.
596 4491 634 4544 Cf.
652 4505 678 4557 p.
696 4489 783 4541 Plane.
803 4487 848 4552 13,
866 4488 900 4541 33
923 4488 968 4541 ubi
983 4489 1032 4541 iila
1054 4490 1164 4556 antiqua
1188 4485 1305 4548 libertas,
1328 4499 1397 4551 quae
1418 4479 1492 4535 malis

337 4592 461 4647 oppressa
479 4579 597 4633 ciuilibus
615 4576 736 4631 satellem
752 4574 807 4627 iam
824 4580 905 4645 caput
921 4575 1103 4643 utaliquando
1125 4579 1246 4626 recreata
1263 4586 1290 4624 se
1307 4569 1407 4638 eripere
1424 4565 1492 4621 debe·

337 4663 450 4718 batiad
468 4667 498 4733 Q.
515 4667 588 4722 fretu
606 4660 780 4731 1‚3,5ur'9e
798 4666 822 4712 te
840 4659 1049 4727 storatianum
1066 4675 1118 4733 aaa
1135 4653 1267 4711 subeunda
1284 4652 1419 4707 dimicatio
1435 4649 1491 4713 erit,
