3550 5492
803 581 849 624 XV

241 716 429 802 reipublicae
443 715 602 784 subveniri
616 717 751 801 potuerit
765 717 917 782 videmus·
950 717 1027 780 Item
1045 716 1210 782 necessitas
1225 717 1404 803 dictatorem

239 814 406 905 Caesarem
427 828 539 909 movit,
566 833 602 892 ut
623 827 743 912 primus
771 828 906 894 colonias
934 827 1050 894 civium
1079 834 1166 893 extra
1187 829 1310 895 ltaliam
1331 851 1404 897 con-

244 941 339 1023 deret,
362 946 398 1005 ut
412 940 528 1005 milites
551 960 635 1022 suos,
658 960 720 1005 non
734 939 856 1026 plebem
871 939 1032 1022 urbanam,
1051 939 1214 1006 deduceret
1228 940 1403 1029 imitatique

244 1059 321 1118 sunt
341 1053 408 1118 eius
430 1051 657 1134 auctoritatem,
681 1052 735 1137 qui
757 1056 826 1136 post
846 1072 919 1117 eum
940 1050 1098 1137 republica
1118 1051 1209 1136 potiti
1230 1058 1320 1135 sunt3
1349 1056 1403 1121 sed

243 1164 335 1244 haec,
357 1185 436 1248 quae
465 1163 582 1232 domini
605 1163 741 1229 civitatis
767 1163 849 1248 quod
875 1161 1031 1227 audebant
1055 1164 1292 1250 exornabantur,
1323 1168 1405 1254 quod

243 1280 356 1345 Rullus
378 1283 440 1346 non
462 1277 614 1362 cogitarit,
636 1299 727 1344 nemo
749 1275 960 1362 reprehendet.

333 1391 542 1456 Veruntamen
564 1389 639 1453 haec
661 1388 690 1453 si
711 1388 757 1452 ita
778 1393 881 1470 erant,
909 1395 945 1452 ut
965 1386 1015 1451 lex
1038 1385 1171 1451 Servilia
1191 1395 1223 1454 et
1243 1390 1400 1458 moderata

245 1507 328 1567 esset
349 1507 381 1587 et
402 1500 588 1587 reipublicae
609 1499 707 1581 utilis,
730 1520 794 1563 cur.
806 1505 912 1563 tamen
934 1498 963 1560 ei
978 1497 1083 1576 Cicero
1105 1471 1253 1565 restiterit
1274 1523 1403 1586 quaeras

241 1620 311 1679 tura
338 1613 480 1684 Primum
500 1609 556 1674 illa
576 1610 825 1694 proficiscebatur
839 1610 878 1675 ab
893 1607 1102 1695 popularibus,
1118 1608 1200 1674 unde
1214 1633 1298 1678 more
1313 1614 1402 1698 quasi

241 1723 366 1805 accidit,
387 1728 424 1798 ut
445 1741 516 1785 eum
538 1720 650 1805 reliqui
660 1719 837 1806 optimates,
860 1726 929 1785 tum
945 1720 1052 1802 Cicero
1064 1723 1118 1807 qui
1133 1729 1295 1808 postquam
1316 1746 1403 1790 sum-

243 1855 334 1899 mum
356 1835 500 1917 horrorem
531 1833 661 1917 adeptus
688 1840 751 1915 est,
773 1833 972 1918 optimatium
1000 1841 1102 1920 partes
1128 1835 1217 1920 sequi
1244 1842 1403 1920 statuerat,

244 1948 468 2012 adversaretur.
502 1944 621 2010 Deinde
644 1945 785 2031 quamvis
807 1944 888 2010 nihil
902 1946 1051 2014 tribueret
1072 1947 1134 2012 uisi
1154 1948 1235 2031 quod
1257 1954 1312 2013 aut
1331 1970 1404 2031 con·

241 2064 367 2124 suetum
388 2049 587 2122 autneeesse
610 2061 700 2135 esset,
723 2055 878 2121 tribuebat
899 2062 1003 2121 tamen
1028 2078 1080 2136 ea,
1101 2057 1184 2122 unde
1206 2059 1304 2124 nimia
1325 2080 1402 2145 pau·

243 2193 350 2238 eorum
370 2173 405 2236 in
426 2170 584 2256 republica
599 2170 746 2235 existeret
759 2169 906 2254 potentia,
930 2190 1117 2256 quaequam
1131 2149 1302 2255 perniciosa
1323 2177 1405 2237 esset

240 2283 389 2365 libertati,
411 2283 504 2368 paulo
525 2289 596 2368 post
611 2283 778 2347 -O..ansar
800 2282 912 2348 docuit.
948 2284 1014 2348 Iam
1037 2283 1094 2348 On.
1110 2284 1255 2368 Pompeio
1276 2291 1309 2349 et
1329 2285 1403 2350 locis

242 2401 276 2460 et
296 2402 432 2480 tempore
454 2394 588 2460 nimium
610 2394 776 2480 imperium
798 2394 965 2477 aegerrime
987 2395 1151 2480 optimates
1176 2400 1402 2461 concesserant:

239 2506 391 2591 quomodo
411 2507 508 2590 igitur
530 2508 807 2574 extraordinariam
829 2507 967 2573 eiusdem
989 2507 1110 2590 generis
1133 2513 1315 2595 potestatem
1336 2507 1403 2592 pati

238 2620 401 2706 poterant?
445 2621 627 2703 Accedebat,
651 2627 687 2686 ut
701 2622 744 2687 M.
760 2622 900 2703 Crassus,
924 2643 986 2689 non
1007 2622 1161 2686 immerito
1183 2627 1306 2706 propter
1327 2640 1402 2685 ava-

237 2735 345 2798 ritiam
365 2734 550 2818 imperiique
572 2733 774 2819 cupiditatem
796 2740 966 2819 suspectus,
989 2741 1020 2799 et
1041 2735 1107 2820 ipse
1128 2733 1182 2798 ille
1200 2733 1321 2813 Caesar,
1345 2731 1400 2814 qui

237 2845 324 2910 haud
346 2845 439 2914 dubie
459 2844 659 2930 popularibus
674 2845 804 2910 favendo
826 2866 897 2910 suas
913 2866 985 2931 opes
1006 2847 1134 2911 evehere
1155 2844 1326 2925 studuerat,
1349 2862 1399 2906 oc-

237 2958 396 3026 casionem
410 2977 507 3022 novae
528 2955 606 3039 legis
628 2975 664 3020 ae
677 2954 850 3038 largitionis
865 2961 1072 3041 expectarent,
1095 2955 1207 3040 quibus
1225 2952 1400 3038 optimates,

236 3069 301 3134 nisi
323 3074 459 3134 veterem
480 3068 704 3154 rempublicam
725 3071 825 3154 perire
846 3069 972 3149 vellent,
992 3068 1153 3155 'oportebat
1173 3066 1324 3134 resistere.
1354 3066 1404 3149 lta

237 3178 343 3243 Cicero
365 3180 424 3244 etei
446 3200 503 3244 neo
517 3185 635 3264 quanta
651 3179 735 3245 mala
756 3181 791 3245 iu
811 3182 970 3266 republica
989 3187 1091 3245 essent
1105 3178 1323 3245 dissimulabat
1342 3199 1398 3242 nco

236 3297 358 3376 partem
380 3312 487 3360 eorum
509 3291 636 3358 coloniis
664 3291 850 3358 deducendis
879 3293 946 3359 tolli
967 3293 1145 3377 ignorabat,
1171 3292 1272 3375 legem
1292 3295 1398 3355 tamen

237 3402 319 3469 hauc
342 3402 508 3468 Serviliam
524 3403 679 3503 impedire
707 3405 932 3491 saeuitiaque
960 3410 1048 3470 tanta
1075 3411 1140 3470 arte
1166 3411 1315 3489 tantaque
1336 3403 1398 3468 elo-

237 3514 367 3597 quentia
380 3516 497 3597 effecit,
520 3521 555 3580 ut
582 3520 613 3580 et
628 3537 780 3601 magnam
801 3517 885 3603 apud
907 3538 978 3583 suos
1005 3518 1219 3589 auctoritatem
1247 3515 1400 3601 adipisce-

235 3631 331 3703 retur,
354 3632 386 3691 et
406 3626 485 3691 bene
507 3627 630 3693 dicendi
652 3629 780 3712 gloriam
800 3627 1056 3697 ‘antecellentem
1078 3634 1203 3712 augeret
1230 3647 1266 3690 ac
1287 3626 1403 3689 confir-'

235 3743 347 3803 maret.
371 3738 472 3808 >Nam
500 3739 560 3824 ipsi
587 3740 686 3826 plebi,
715 3742 766 3806 eui
794 3742 931 3806 maxima
958 3741 1080 3824 largitio
1106 3736 1343 3825 proponebatur,
1363 3741 1403 3812 ,ut

236 3869 306 3914 eom
328 3850 505 3936 repudiaret
524 3853 693 3938 persuasit,
732 3855 927 3936 Quamquam
955 3850 1051 3917 etiam
1073 3849 1136 3914 alia
1160 3848 1299 3914 subsidia
1319 3868 1401 3914 com-

236 3945 361 4048 paravit
387 3962 603 4048 imprimisque
625 3965 667 4040 lt,
683 3965 872 4048 Caecilium,
900 3964 1062 4029 tribunum
1091 3962 1204 4048 plebis,
1226 3961 1344 4043 movit,
1365 3966 1402 4025 ut

236 4079 382 4160 paratum
404 4097 439 4158 se
459 4075 507 4140 ad
520 4074 772 4142 intercedendum
785 4075 1014 4159 ostenderetz*)
1035 4083 1096 4161 quo
1110 4076 1189 4141 laeto
1201 4074 1235 4138 P.
1247 4073 1399 4139 Servilius

235 4191 443 4200 *-

325 4237 348 4306 ')
367 4240 535 4294 Reddendum
554 4241 629 4295 nobis
647 4227 688 4295 est
704 4241 756 4295 nl.
775 4241 807 4294 ad
826 4239 957 4292 Ciceronis
974 4239 1053 4292 verba
1071 4242 1135 4293 orat.
1144 4220 1177 4303 11,
1186 4239 1211 4302 9,
1221 4237 1255 4291 22
1273 4255 1290 4290 a
1308 4231 1399 4304 quittae

236 4325 263 4377 ei
279 4325 351 4378 beas
368 4326 472 4394 primm
489 4324 606 4378 invidiae
628 4325 704 4379 et‘e'n
721 4325 931 4394 praesentatione
954 4325 1017 4392 lepis
1040 4340 1175 4378 concessus
1195 4330 1240 4377 eat.
1282 4322 1349 4376 Nam
1371 4323 1399 4374 in

238 4411 407 4464 annotatione
425 4410 537 4464 diximus
555 4411 638 4479 legem
656 4411 792 4464 Serviliam
809 4409 891 4461 videri
909 4409 1116 4478 abnuentique
1132 4424 1190 4462 esse
1207 4412 1337 4477 rogatam:
1358 4423 1398 4460 re·

238 4496 324 4568 liquos
341 4497 459 4551 tribunos
477 4497 570 4570 plebis,
588 4496 632 4564 qui
648 4495 702 4564 legi
718 4496 843 4563 faverent,
861 4510 994 4550 assensum
1007 4495 1166 4550 ascribendis
1184 4495 1240 4571 legi¹
1252 4493 1399 4559 nominibus

239 4583 294 4636 suis
313 4581 480 4653 significasse.
509 4583 629 4637 iterabat
646 4598 693 4636 nos
711 4583 822 4658 etquod
840 4571 1105 4648 commemoravimus,
1122 4580 1191 4651 quod
1208 4596 1286 4634 unum
1304 4579 1398 4659 ubique

237 4668 346 4722 Rullum
370 4669 458 4723 Gioero
479 4672 626 4739 impugnat,
649 4674 676 4725 et
697 4669 776 4736 illud,
805 4669 873 4739 quod
896 4664 1036 4735 tacuimus,
1065 4666 1133 4738 quod
1155 4667 1312 4737 ascriptores
1331 4663 1398 4733 legis
