3550 5492
791 583 1003 652 ..59-

311 743 510 828 plebatibus,
532 750 601 810 tum
622 744 736 811 iterum
750 745 787 810 de
802 745 914 811 iisdem
934 747 1138 830 indicabatur,
1161 755 1197 814 ut
1219 757 1299 815 esset
1313 750 1476 836 reprehen-

312 846 411 913 dendi
432 853 577 932 potesms,
600 848 627 913 si
649 849 797 934 populum
820 849 959 914 beneficii
982 849 1032 914 sui
1054 850 1231 935 poeniteret.
1275 852 1379 935 Nune,
1402 854 1519 930 oui-er

311 951 408 1034 ritas,
437 953 539 1037 prima
564 953 621 1019 illa
649 953 773 1018 comitia
800 953 929 1035 tenetis,
963 952 1136 1018 centuriata
1157 958 1189 1017 et
1209 956 1335 1038 tributa,
1359 957 1478 1021 curiata

310 1060 441 1120 tantum
473 1055 680 1141 auspiciorum
712 1079 805 1122 eausa
837 1063 1063 1122 remanserunt
1114 1058 1174 1122 Hie
1202 1067 1306 1126 autem
1332 1061 1477 1124 tribunus

311 1156 426 1244 plebis,
448 1159 523 1244 quia
544 1161 669 1226 videbat
682 1167 865 1247 potestatem
880 1162 1037 1226 neminem
1052 1162 1175 1226 iniussu
1190 1162 1295 1247 populi
1310 1169 1365 1227 aut
1379 1163 1477 1248 plebis

310 1282 405 1349 posse
425 1262 547 1345 babere,
576 1264 703 1328 curiatis
732 1286 768 1330 ea
789 1266 937 1346 comitiis,
967 1286 1044 1348 quae
1066 1284 1119 1328 166
1142 1286 1203 1328 666
1226 1264 1343 1345 6616116,
1367 1267 1476 1330 666111-
1574 1292 1578 1297 ·

311 1364 430 1431 mevit:
452 1365 577 1443 tributa,
601 1386 679 1450 quae
693 1373 796 1433 vestra
810 1373 908 1447 erant,
923 1367 1058 1432 sustulit.
1086 1368 1143 1448 lta,
1159 1388 1229 1431 eum
1248 1367 1379 1432 maiores
1394 1368 1477 1433 binis

311 1465 450 1532 comitiis
464 1465 619 1533 voluerint
632 1488 686 1533 166
702 1469 739 1533 de
754 1469 884 1553 singulis
900 1471 1132 1557 magistratibus
1150 1469 1296 1554 iudicare,
1319 1470 1370 1535 hic
1386 1470 1476 1535 homo

402 1668 429 1707 de
442 1668 528 1708 61611661
540 1685 566 1697 -
578 1667 610 1709 ii.
623 1667 664 1708 itte
675 1670 756 1718 prima
769 1688 794 1700 -
808 1672 900 1712 amaea
913 1681 960 1711 eam
973 1674 1070 1714 comitiis.
1083 1693 1106 1703 -
1122 1683 1164 1712 666
1177 1674 1243 1721 initia,
1256 1673 1396 1720 6611166611
1463 1672 1466 1677 ’

311 1826 360 1883 sed
377 1827 481 1882 diversa
499 1829 532 1882 ab
550 1829 697 1884 consulibus
720 1831 856 1884 habebant.
899 1831 982 1898 Quare
1005 1835 1062 1904 lege
1080 1834 1191 1899 61111616,
1214 1851 1279 1904 quae
1303 1835 1406 1903 reliquis
1424 1852 1476 1888 ma-

310 1915 467 1983 gistratibus
485 1914 628 1981 ferebatur,
646 1931 691 1969 eur
708 1931 760 1969 non
783 1919 836 1970 sint
858 1919 1035 1987 comprehensi
1056 1920 1221 1989 perspicitur:
1245 1921 1376 1989 aptissime
1399 1921 1475 1974 etiam

311 2018 373 2057 curn
391 2003 420 2055 in
437 2002 548 2059 comitiis
570 2003 720 2057 centuriatis
738 2004 883 2074 digerendis
902 2022 990 2060 eorum
1003 2010 1117 2076 potestas
1135 2010 1290 2072 versaretur,
1310 2023 1367 2060 eam
1384 2007 1475 2061 iisdem
1507 2004 1510 2009 ’

311 2090 467 2144 centuriatis
491 2089 636 2143 confirmari
660 2104 798 2144 consuesse
821 2093 945 2147 videmus.
985 2093 1040 2147 Nee
1063 2097 1149 2148 tamen
1167 2095 1208 2148 hie
1226 2111 1281 2148 mos
1300 2096 1358 2148 aliis
1375 2099 1476 2164 praeter

309 2177 381 2230 hune
398 2177 483 2230 locum
501 2177 653 2246 scriptorum
672 2177 824 2231 testimoniis
843 2182 1012 2249 cognoscitur.

402 2280 444 2334 27.
462 2279 554 2344 Nunc,
586 2280 708 2343 Quirites.
750 2281 914 2335 Praeclaram
940 2283 1006 2336 hane
1027 2281 1123 2337 Baiten'
1150 2286 1320 2339 coniecturam
1344 2287 1476 2341 confirmat

310 2364 371 2419 eod.
391 2364 407 2416 9
425 2364 573 2419 auctoritas.
609 2363 675 2417 Nam
693 2365 762 2433 quod
781 2366 873 2434 reliqui
895 2367 991 2423 habent
1008 2369 1088 2423 Nuce
1111 2372 1174 2440 quia
1196 2373 1311 2440 ineptum
1330 2376 1376 2426 est.
1413 2373 1475 2437 Quis

309 2452 382 2504 enim
401 2451 501 2503 curiata
524 2451 629 2504 comitia
651 2465 708 2503 eam
726 2451 760 2504 ob
781 2467 835 2505 rem
860 2457 1033 2524 auspiciorum
1053 2474 1131 2514 causa
1152 2476 1284 2513 remanere
1302 2461 1382 2526 dieat,
1406 2462 1475 2529 qnod

310 2538 458 2592 centuriata
475 2540 502 2590 et
519 2538 616 2591 tributa
634 2554 649 2589 a
666 2552 727 2607 pop.
745 2539 818 2592 Rom.
836 2543 990 2597 teneantur?
1032 2544 1083 2598 Sed
1100 2545 1149 2598 hoc
1166 2546 1251 2614 ipsum
1270 2554 1354 2600 166666
1372 2549 1475 2600 comitia

309 2623 375 2694 quid
393 2625 449 2676 est?
474 2622 505 2676 In
523 2627 659 2692 potestate,
672 2624 770 2690 opinor,
782 2624 889 2689 habere,
907 2643 1005 2696 regere,
1023 2629 1069 2682 sed
1087 2631 1164 2682 etiam
1180 2631 1297 2695 retinere,
1314 2635 1344 2684 ut
1355 2632 1387 2684 de
1396 2631 1447 2685 div.
1454 2632 1474 2695 I,

309 2712 355 2775 40,
373 2709 408 2764 89
427 2709 536 2763 Omnino
553 2712 626 2780 epod
641 2719 746 2775 veteres,
764 2713 811 2781 qui
826 2730 915 2766 rerum
927 2715 1103 2783 potiebantur,
1121 2716 1200 2768 iidem
1217 2718 1331 2786 cupario
1349 2717 1473 2772 tenebant.

313 2795 353 2852 Ut
362 2796 431 2850 euim
448 2811 548 2865 tepere,
566 2798 604 2849 eie
622 2797 742 2850 divinare
759 2800 847 2866 repete
865 2798 1004 2863 1166611661·
1022 2799 1053 2851 de
1071 2799 1121 2867 leg.
1130 2800 1161 2863 11,
1176 2800 1216 2864 16,
1234 2799 1269 2855 40
1286 2817 1343 2853 cum
1361 2802 1475 2855 consule·

308 2889 373 2937 rent
392 2880 561 2948 Athenienses
583 2882 730 2952 Apollinem
748 2881 883 2952 Pythium,
912 2902 976 2954 quas
995 2886 1159 2954 potissimam
1186 2887 1324 2956 relipionee
1354 2894 1474 2950 tenerent,

309 2968 448 3023 61661166
465 2968 562 3022 adimere
579 2975 625 3032 eet,
644 2985 689 3022 ecs
707 2984 773 3036 quae
791 2975 874 3020 666661
890 2969 919 3021 in
940 2971 1166 3033 macenniacum
1190 2973 1356 3039 similiterque
1379 2987 1475 3024 morem

310 3063 398 3110 tenere
415 3055 503 3120 (Tusa
520 3054 553 3119 V,
570 3056 596 3120 4,
615 3056 666 3120 11),
683 3057 725 3108 ius
744 3063 770 3108 et
787 3055 930 3109 libertatem
948 3063 1041 3119 tenere,
1060 3056 1118 3109 6116.
1136 3085 1170 3095 -
1188 3058 1366 3127 crepidarum
1384 3075 1474 3112 eccae.

309 3141 383 3196 Care
401 3140 491 3196 eredes
508 3141 551 3206 iis,
567 3141 612 3209 qni
630 3141 752 3210 supplent
769 3141 989 3210 conferendorum,
1012 3144 1086 3212 quasi
1107 3143 1217 3196 comitiis
1239 3144 1344 3196 curiatis
1366 3143 1404 3197 illi
1422 3159 1475 3196 ma-

307 3230 436 3298 gistratus
457 3228 573 3297 auspicia
590 3232 788 3296 consequantur.
815 3229 870 3282 Hoc
889 3230 934 3294 611,
951 3229 1016 3282 nihil
1033 3245 1093 3283 1616
1110 3231 1138 3283 16
1155 3231 1263 3284 comitiis
1280 3230 1331 3284 illis
1350 3231 1401 3299 agi,
1418 3228 1475 3282 fieri

306 3317 410 3368 tantum
427 3314 552 3384 auspicia,
570 3330 676 3383 eamque
693 3331 771 3368 unam
791 3315 824 3368 ob
842 3329 947 3368 eausam
964 3330 996 3367 ea
1013 3316 1176 3370 remansisse.
1188 3342 1222 3354 ·-
1230 3332 1307 3385 posse
1325 3314 1418 3369 tabere
1436 3331 1473 3384 sq.

307 3401 426 3456 vitiosus
443 3402 485 3455 hie
502 3403 573 3456 loeus
591 3402 693 3455 videtur
710 3402 790 3455 fuisse
807 3403 835 3454 16
853 3417 893 3466 66,
916 3400 984 3469 qnod
1002 3402 1036 3454 ad
1056 3405 1169 3456 nostram
1191 3403 1300 3455 aetatem
1322 3404 1474 3471 pervenerat

307 3488 437 3557 exemplo.
464 3487 531 3540 Nam
549 3488 605 3541 cod.
624 3487 649 3552 9,
667 3503 742 3556 quem
760 3489 885 3556 optimum
894 3504 951 3543 esse
969 3491 1252 3558 eognovimuS,emittit
1263 3490 1364 3543 tabere.
1382 3489 1473 3542 Utrum

305 3573 389 3642 igitur
397 3576 439 3628 est
448 3574 624 3642 probabilius?
636 3574 770 3628 Excidisse
780 3574 886 3642 verbum
894 3575 1006 3628 habendi
1013 3580 1131 3645 recteque
1137 3576 1177 3628 161
1187 3578 1311 3644 scriptum
1321 3575 1361 3628 161
1371 3573 1475 3641 supple·

306 3663 365 3713 tum
384 3659 417 3712 ab
428 3659 534 3728 reliquis
553 3659 665 3713 librariis
684 3677 717 3713 an
729 3661 809 3714 161616
828 3661 935 3713 vitium?
957 3661 1057 3713 Etenim
1073 3664 1142 3713 16616
1160 3662 1209 3713 6111
1226 3661 1317 3723 616116,
1335 3660 1358 3711 61
1375 3656 1472 3715 scribes

304 3752 462 3816 potestatem
478 3746 577 3800 nemini
592 3775 626 3784 -
640 3747 725 3817 plebis
743 3764 804 3812 ease,
821 3748 931 3801 curn'ctis
945 3763 982 3815 sq.
1008 3747 1071 3800 111111
1088 3747 1136 3799 hoe
1154 3746 1263 3801 11116161.
1282 3743 1472 3808 (1116116199.

307 3830 362 3885 Sed
380 3832 659 3899 11116666661611661,
682 3849 747 3903 quae
765 3834 885 3900 deinceps
909 3831 1009 3885 codices
1027 3831 1149 3883 exhibent
1172 3829 1336 3882 6611611166
1354 3828 1473 3901 comitiis,

307 3933 377 3985 qaae
389 3924 439 3969 'coe
456 3933 508 3970 nen
525 3918 620 3982 1161116,
638 3920 665 3971 16
682 3919 775 3988 quibus
793 3919 899 3972 verbum
916 3916 1020 3969 sinendi
1036 3917 1080 3984 qui
1098 3918 1166 3968 recte
1184 3915 1337 3982 explicaret,
1360 3913 1473 3966 nondum

306 4002 430 4056 vidimus.
465 4001 533 4056 Nam
550 4004 574 4057 si
591 4005 648 4073 quis
672 4005 735 4057 velit
751 4019 808 4057 esse
827 4020 892 4071 quae
916 4004 1018 4057 comitia
1035 4019 1080 4054 cos
1091 4003 1156 4069 fieri
1172 4019 1223 4054 666
1240 4002 1338 4066 sinitis,
1361 4001 1472 4070 primum

305 4103 447 4157 queramur
463 4086 618 4141 infinitivum
637 4104 687 4142 non
706 4089 774 4154 addi,
792 4089 884 4141 deinde
897 4089 964 4157 quod
982 4091 1024 4141 vix
1037 4104 1125 4140 verum
1143 4092 1183 4156 est
1200 4087 1327 4153 tradatur3
1346 4087 1471 4156 siquidem

304 4173 448 4227 sitiebant
464 4173 510 4226 illa
526 4175 641 4239 comitia,
659 4191 706 4228 nec
723 4175 776 4227 ulla
792 4176 863 4243 lege,
882 4173 928 4226 sed
945 4174 1014 4242 quod
1030 4174 1118 4226 inania
1135 4189 1193 4227 esse
1210 4173 1371 4237 riderentur,
1389 4172 1473 4242 negli-

306 4260 445 4329 gebantur.
473 4259 523 4322 Qui
541 4264 625 4313 autem
644 4277 701 4313 61161
720 4260 921 4313 demonstrativo
937 4259 1075 4326 coniungat
1086 4257 1220 4311 relativam
1238 4258 1399 4322 sententiam,
1416 4273 1471 4310 rur-

305 4360 352 4398 sus
371 4343 477 4396 iubendi
494 4344 601 4397 verbnm
619 4347 702 4413 magis
720 4346 842 4413 requirat.
864 4342 953 4412 ltaque
972 4345 1032 4397 olim
1049 4345 1214 4399 henredanus
1233 4345 1341 4398 coniecit
1361 4343 1471 4397 66116116

305 4447 365 4484 eam
384 4429 509 4492 6611111116,
527 4445 594 4497 quae
611 4446 656 4482 666
677 4447 729 4482 666
751 4431 836 4492 initis,
859 4444 925 4497 quae
947 4432 1091 4484 coniectura
1114 4433 1265 4485 auctoritate
1288 4430 1371 4498 magis
1397 4444 1473 4496 quam

305 4517 466 4586 argumentis
484 4518 675 4571 commendatur
693 4534 709 4570 a
726 4517 782 4570 Nic.
801 4516 914 4584 Madvig.
932 4518 960 4570 in
978 4517 1136 4586 Philoleg.H
1148 4535 1174 4586 p.
1186 4518 1244 4570 141.
1263 4517 1316 4570 Ν66
1335 4514 1470 4577 sonantia,

305 4603 471 4673 qnamleiiici
487 4603 555 4667 vult,
574 4603 721 4672 displiceat,
744 4603 789 4656 sed
813 4604 933 4673 displicet
957 4605 1065 4658 ineundi
1087 4606 1201 4660 verbum.
1242 4603 1337 4656 Dubito
1360 4603 1472 4662 omnino,

306 4704 371 4745 num
380 4689 470 4745 Gicero
482 4690 576 4745 dixerit
592 4690 661 4745 inire
679 4691 793 4757 66611116,
804 4690 886 4744 sedsi
903 4690 979 4757 dixit,
996 4704 1049 4744 non
1066 4691 1150 4745 minus
1167 4705 1244 4761 quam
1261 4689 1289 4741 iu
1303 4686 1410 4762 proelio,
1421 4685 1472 4752 116,
1577 4717 1585 4739 r
