3550 5492
805 592 1039 657 —116-

345 752 484 838 lectatur,
506 777 546 820 ne
568 755 644 841 quid
666 761 813 840 expectet,
837 755 863 817 si
887 776 979 839 quem
1001 753 1046 818 rei
1071 753 1242 837 indignitas
1267 760 1454 837 commovet,
1473 763 1502 821 ut

344 859 416 923 huic
437 857 600 922 simulatae
622 855 780 940 largitioni
803 855 937 921 resistat.
982 858 1029 921 Ac
1050 857 1185 941 primum
1209 855 1246 921 de
1261 858 1380 944 oppido
1399 859 1501 942 dicam,

342 962 369 1026 si
391 961 461 1045 quis
482 965 531 1024 cst
551 960 638 1040 forte,
662 979 754 1042 quem
771 957 877 1042 Capua
890 959 989 1043 magis
1011 981 1105 1045 quam
1120 959 1218 1025 Roma
1233 961 1378 1027 delectet
1413 962 1500 1039 Quin-

342 1083 401 1145 que
428 1060 516 1124 milia
542 1059 715 1124 colonorum
753 1058 892 1144 Capuam
921 1062 1014 1126 scribi
1034 1063 1134 1129 iubet:
1168 1065 1208 1129 ad
1234 1064 1317 1128 hunc
1340 1086 1499 1131 numerum

300 1172 333 1225 77
342 1164 513 1247 quingenos
546 1161 606 1227 sibi
640 1161 756 1245 singuli
791 1168 930 1227 sumunt
980 1164 1116 1245 Quaeso,
1149 1164 1245 1229 nolite
1272 1150 1399 1231 vosmet
1426 1167 1497 1252 ipsos

342 1267 510 1333 consolari:
533 1288 604 1331 vere
626 1273 658 1331 et
679 1266 843 1350 diligenter
865 1266 1063 1332 considerate.
1107 1267 1191 1332 Num
1213 1268 1301 1333 vobis
1331 1276 1392 1334 aut
1412 1270 1496 1335 vestri

342 1369 506 1452 similibus,
521 1370 660 1452 integris,
675 1371 800 1454 quietis,
823 1369 930 1435 otiosis
946 1368 1123 1434 hominibus
1134 1369 1169 1433 in
1184 1369 1240 1433 hoc
1254 1390 1390 1435 numero
1404 1369 1495 1435 locum

341 1473 403 1536 lore
432 1471 571 1556 putatis?
620 1471 655 1536 Si
678 1478 725 1537 est
752 1472 894 1537 omnibus
923 1472 1025 1553 vobis,
1054 1472 1081 1536 si
1108 1471 1218 1536 maiori
1239 1477 1384 1537 vestrum
1408 1475 1493 1559 parti,

341 1595 529 1659 quamquam
550 1595 599 1640 me
614 1580 717 1639 vester
731 1574 827 1640 honos
848 1575 976 1658 vigilare
999 1576 1166 1660 diesatqne
1188 1581 1293 1640 noctes
1317 1582 1351 1641 et
1370 1577 1491 1643 intentis

299 1688 301 1691 ’
342 1677 438 1742 oculis
469 1698 574 1742 omnes
597 1678 783 1764 reipublicae
810 1685 914 1763 partes
943 1679 1059 1744 intueri
1080 1678 1180 1761 iubet,
1203 1684 1308 1744 tamen
1331 1679 1490 1766 paulisper,

340 1782 367 1845 si
389 1781 434 1844 ita
455 1782 649 1847 commodum
671 1788 809 1847 vestrum
830 1783 898 1864 lert,
922 1782 1099 1848 connivebo.
1138 1781 1199 1845 Sed
1225 1781 1252 1845 si
1283 1782 1426 1867 quinque
1445 1784 1490 1849 ho

338 1884 460 1949 minum
481 1885 608 1951 milibus
630 1884 669 1948 ad
691 1884 766 1968 vim,
789 1884 910 1948 lacinus
933 1882 1117 1966 caedemque
1146 1881 1270 1948 delectis
1295 1881 1384 1949 locus
1408 1890 1491 1969 atquc

423 2065 549 2106 delectatur.
562 2084 587 2094 -
600 2066 654 2114 reip.
666 2066 768 2114 munima.
782 2084 806 2093 -
820 2068 907 2104 mmm.
923 2086 947 2093 —
960 2064 993 2104 ii.
1004 2067 1070 2112 seret

337 2190 406 2260 qnod
422 2192 494 2260 prius
512 2192 544 2244 de
562 2192 697 2245 commodo
714 2209 791 2261 quam
809 2193 842 2246 de
859 2193 984 2261 dignitate
1002 2193 1079 2246 dicat
1115 2190 1167 2243 Sed
1190 2189 1260 2258 quod
1278 2186 1357 2257 paulo
1381 2188 1444 2254 post
1457 2183 1492 2239 rei

336 2277 493 2345 indignitate
510 2278 645 2342 edidimus,
662 2279 768 2332 fecimus
791 2279 859 2331 haud
882 2278 961 2332 dubia
978 2279 1094 2333 codicum
1116 2276 1269 2329 auctoritate
1286 2273 1365 2336 moti,
1389 2271 1491 2325 fecimus

336 2362 413 2414 etiam
433 2364 670 2416 sententiaccausa.
697 2363 763 2416 Nam
781 2380 823 2417 ree
840 2368 881 2418 est
899 2367 954 2433 agri
963 2365 1088 2433 Campani
1106 2363 1206 2427 divisio,
1223 2362 1351 2428 temptata
1369 2359 1405 2413 ab
1413 2356 1490 2411 Rullo.

335 2449 421 2502 Facile
439 2450 517 2518 igitur
534 2450 714 2518 Wesenbergii
732 2450 764 2502 ad
782 2449 835 2504 cic.
853 2467 879 2519 p.
899 2451 966 2505 Sest.
984 2468 1011 2519 p.
1028 2452 1063 2503 47
1081 2437 1226 2503 coniectura
1243 2460 1374 2509 caremus,
1397 2444 1443 2519 poi
1457 2442 1492 2495 rei

335 2535 488 2603 deputantem
505 2537 574 2598 (nam
592 2536 630 2588 sic
648 2535 709 2587 olim
727 2535 861 2600 edebatur)
879 2551 929 2589 non
948 2535 1033 2588 ferens
1051 2533 1155 2602 scripsit
1170 2530 1272 2601 γαμή.
1288 2544 1310 2581 e.
1330 2526 1490 2597 reipublice,

335 2620 458 2688 dignitas.
501 2621 529 2673 Id
558 2637 591 2675 ne
624 2625 712 2690 aptum
740 2622 841 2690 quidem
866 2621 967 2675 ridetur
995 2635 1066 2683 essa,
1095 2619 1155 2686 quia
1178 2614 1355 2669 commovendi
1389 2614 1490 2668 verbm

333 2705 375 2758 vel
399 2705 432 2758 ad
457 2707 521 2759 iram
539 2707 651 2775 pertinet
672 2707 714 2760 rel
740 2707 774 2759 ad
796 2710 928 2772 terrorem,
956 2720 1062 2775 quornm
1090 2705 1208 2756 nentrum
1236 2701 1364 2770 dignitate
1391 2697 1491 2753 exuuii

333 2795 427 2861 potest.
454 2820 488 2831 -
514 2793 539 2845 ai
555 2792 613 2862 quie
637 2800 687 2858 eet,
705 2810 779 2862 quem
809 2822 842 2831 —
869 2793 983 2846 delectet.
1023 2791 1081 2843 Etsi
1102 2789 1186 2842 omnis
1209 2786 1326 2840 codicum
1350 2788 1489 2838 nostrorum

334 2879 472 2931 auctoritas
490 2883 576 2932 tuetur
593 2878 769 2942 indicativum,
786 2878 905 2931 recedere
922 2881 1007 2929 tamen
1031 2890 1089 2927 eum
1108 2873 1140 2927 ab
1158 2888 1207 2925 usu
1224 2870 1345 2923 Tulliano
1367 2869 1488 2946 intelligo,

333 2964 409 3017 facile
427 2966 504 3018 etiam
529 2980 614 3019 errore
636 2964 798 3018 librariorum
815 2965 926 3017 existere
942 2962 1066 3032 potuisse.
1102 2957 1260 3012 Erfurtensis
1283 2955 1390 3024 quidem
1414 2954 1488 3009 codex

333 3049 412 3104 habet
427 3052 625 3104 coniunctirom.
642 3077 677 3088 -
695 3050 732 3102 cd
747 3049 814 3102 leuno
826 3065 959 3102 nnmerum
974 3046 1114 3114 quingenos
1131 3044 1148 3095 i.
1158 3058 1180 3096 e.
1198 3045 1227 3094 nt
1243 3040 1286 3093 hic
1299 3055 1425 3094 numerus
1440 3036 1486 3093 edi

333 3134 427 3198 eiatur,
444 3135 539 3202 singuli
566 3133 643 3186 Xuiri
664 3133 714 3186 sibi
736 3133 878 3201 quingenos
900 3138 1009 3185 sumunt.
1050 3128 1094 3181 Sic
1115 3128 1183 3181 enim
1207 3124 1334 3178 edendnm
1351 3124 1417 3190 luit,
1442 3138 1486 3177 uon

333 3225 438 3270 sument.
473 3219 538 3270 illud
558 3217 689 3285 adipeam
707 3218 790 3284 legem
807 3219 933 3285 pertinet,
950 3219 976 3269 in
995 3232 1047 3284 qua
1068 3214 1100 3267 de
1124 3213 1221 3266 colonis
1239 3210 1379 3279 Campanis
1398 3224 1483 3280 aeque·

332 3300 392 3353 liter
410 3300 553 3354 dividendis
570 3303 692 3369 scriptum
709 3301 794 3365 fuerit,
811 3300 860 3354 hoc
867 3302 964 3355 Xuiros
981 3302 1018 3353 ita
1034 3301 1135 3353 iniussu
1153 3298 1219 3366 legis
1237 3313 1292 3350 rem
1310 3312 1368 3351 esse
1387 3294 1485 3349 admini-

332 3386 458 3436 straturus
476 3383 612 3450 significat.
639 3384 713 3448 Quod
725 3387 809 3437 autern
821 3386 962 3454 quingenos
973 3386 1132 3454 scripsimus,
1149 3385 1216 3437 ratio
1233 3389 1304 3438 certa
1316 3387 1372 3449 est3
1391 3382 1483 3439 ccdioes

332 3467 499 3535 quidemms.
517 3483 604 3521 omnes
623 3469 816 3538 quinquagenos
833 3470 937 3537 habent,
954 3472 999 3540 qui
1016 3487 1087 3525 error
1105 3486 1137 3524 ex
1155 3475 1217 3524 nota
1238 3470 1367 3524 numerali
1390 3468 1483 3523 ridetur

331 3555 454 3609 extitisse.

417 3643 458 3696 77.
475 3650 571 3696 aconei
588 3643 657 3712 space
675 3644 812 3708 concolori,
830 3644 847 3698 i.
857 3660 879 3697 e.
894 3643 973 3697 nolite
991 3641 1113 3705 dolorem,
1132 3656 1207 3709 quem
1225 3656 1258 3693 ex
1275 3638 1416 3705 dividendo
1428 3650 1482 3707 agro

330 3727 460 3796 Campano
478 3744 570 3796 capere
587 3729 695 3795 debetis,
712 3745 743 3783 eo
761 3730 902 3795 consolari,
925 3728 993 3799 quod
1010 3744 1068 3781 eum
1092 3728 1125 3780 ad
1148 3728 1249 3796 plebem
1267 3728 1412 3781 Romanam
1432 3740 1483 3795 per·

329 3815 464 3865 venturum
488 3828 545 3867 esse
566 3814 669 3881 putetis.
705 3814 757 3867 Sed
779 3832 824 3868 cur
848 3816 885 3867 ait
907 3821 1004 3868 coenet
1025 3814 1118 3883 ipsos?
1143 3829 1188 3867 cur
1210 3829 1262 3866 non
1284 3812 1372 3881 potius
1395 3814 1483 3865 acuet

329 3896 400 3964 epoti
430 3897 496 3949 Nam
513 3898 558 3950 ubi
574 3915 714 3967 pronomen
731 3901 787 3969 ipse
805 3905 911 3970 propter
928 3902 1083 3954 sententiam
1101 3916 1152 3953 non
1169 3915 1273 3954 necesse
1292 3900 1333 3952 est
1350 3899 1432 3955 alliun
1445 3911 1482 3961 οδ,-

330 3999 386 4036 sum
403 3986 485 4053 sequi,
503 3987 686 4041 nominativum
705 3989 830 4057 praelern'
848 3989 930 4042 solere
948 3988 1063 4039 constat:
1082 4001 1161 4052 quare
1174 3985 1279 4038 dubium
1290 4000 1343 4038 non
1360 3987 1410 4049 est,
1427 3981 1483 4053 quin

329 4069 354 4122 h.
372 4070 389 4122 l.
407 4073 521 4139 potnerit
538 4074 589 4125 dici
608 4082 705 4128 nannet
720 4076 780 4144 spei.
816 4074 870 4127 Nec
887 4077 974 4127 tamen
991 4071 1038 4123 illa
1064 4071 1222 4125 consuetudo
1240 4074 1362 4124 constans
1381 4074 1423 4122 est
1441 4082 1483 4121 neo

328 4152 371 4206 hic
387 4156 504 4208 codicum
521 4171 659 4212 consensus
677 4161 811 4229 quicquam
828 4162 924 4214 mutari
941 4159 1046 4227 patitur.
1075 4157 1113 4211 Gi.
1132 4158 1198 4211 infra
1210 4159 1224 4222 ξ
1235 4159 1267 4211 79
1285 4156 1375 4211 deludi
1392 4159 1484 4209 annaei

329 4236 399 4304 epeos
417 4238 515 4290 diutins
532 4256 550 4290 a
568 4239 669 4294 trdnnc
682 4243 767 4311 plebio
780 4244 939 4312 patiemini?
962 4243 1108 4311 Eademque
1125 4245 1192 4296 ratio
1209 4248 1250 4297 est
1266 4244 1425 4312 paulopost,
1441 4238 1483 4293 ubi

329 4335 417 4373 omnes
435 4322 493 4375 libri
509 4339 557 4376 ms.
575 4326 697 4380 exhibent
707 4328 773 4396 sert,
789 4328 907 4383 luntinus
930 4329 1029 4394 editor,
1047 4329 1239 4399 quodpropter
1260 4330 1374 4383 futurum
1398 4341 1485 4383 eonse-

329 4419 410 4472 quens
428 4407 564 4460 connivebo
581 4408 714 4464 Latinitati
731 4414 812 4480 magis
830 4413 966 4467 convenire
983 4415 1091 4483 putarit,
1103 4415 1177 4483 feret
1192 4415 1345 4469 emendarit.
1381 4413 1435 4468 Sed
1445 4412 1485 4466 Oi·

328 4504 386 4542 cero
404 4490 442 4541 sia
458 4490 559 4544 ridetur
576 4493 686 4548 dixisse:
702 4498 725 4549 si
743 4514 810 4551 nunc
827 4500 888 4552 milri
907 4500 1067 4568 persuadetis
1084 4501 1112 4553 id
1123 4518 1179 4555 esse
1192 4518 1225 4555 ex
1243 4518 1303 4566 usu,
1321 4501 1406 4570 legem
1419 4500 1485 4555 hane

328 4574 390 4626 terri
407 4574 497 4641 patiar.
525 4577 684 4646 Quamquam
702 4581 845 4650 complures
862 4598 962 4639 errores
981 4585 1089 4640 leuiores
1107 4603 1153 4655 per
1171 4588 1239 4642 hune
1256 4589 1341 4642 locum
1353 4587 1486 4657 reperiun-

327 4662 370 4715 tur
385 4658 412 4713 in
429 4662 546 4717 omnibus
569 4663 642 4717 libris
659 4680 706 4720 ms.
742 4665 836 4722 Omnes
859 4670 929 4724 enim
950 4670 1047 4727 babent
1067 4675 1161 4726 omnia
1183 4674 1322 4739 similibus,
1345 4690 1425 4741 quom
1445 4687 1485 4727 me
