3550 5492
791 576 1005 640 „57-

306 739 491 815 commotos,
512 733 664 800 renovabo
685 735 777 818 illud,
806 739 886 821 quod
914 740 1005 806 initio
1027 740 1108 822 dixi,
1135 762 1266 824 regnum
1294 745 1472 831 comparari,

306 837 457 902 firnditus
479 835 652 903 libertatem
675 846 808 905 vestram
830 842 888 908 hac
909 844 977 927 lege
998 845 1075 909 tolli.
1113 846 1164 910 An
1187 869 1239 912 vos
1261 847 1350 912 aliter
1365 848 1514 913 eristi-it>

307 940 469 1007 mabatis?
490 963 561 1006 oum
583 941 622 1007 ad
645 943 749 1008 omnia
769 949 874 1009 uestra
895 947 984 1031 pauci
1007 947 1148 1011 homines
1170 949 1349 1034 cupiditatis
1371 949 1472 1015 oculos

307 1041 513 1125 adiecissent,
536 1064 598 1108 non
620 1064 672 1108 eos
694 1044 846 1131 imprimis
869 1048 902 1111 id
930 1054 1065 1132 acturos,
1094 1057 1130 1115 ut
1158 1073 1196 1115 ox
1224 1052 1309 1116 omni
1336 1054 1474 1118 custodia

307 1150 433 1211 rosnae
444 1145 604 1230 libertatis,
617 1168 655 1212 ox
670 1149 754 1213 omni
765 1155 925 1234 potestate,
941 1153 1107 1234 curatione,
1122 1153 1291 1237 patrocinio
1302 1161 1472 1221 vestrorum

308 1250 541 1316 commodorum
562 1251 618 1316 Cn.
642 1252 805 1339 Pompeius
828 1253 1050 1339 depelleretur?
1087 1255 1238 1320 Viderunt
1253 1264 1284 1320 ct
1305 1257 1421 1341 vident,
1445 1259 1473 1325 si

306 1374 365 1439 per
388 1353 629 1439 imprudentiam
651 1362 795 1440 vestram,
818 1357 1039 1441 negligentiam
1054 1377 1154 1421 meam
1169 1357 1267 1441 legem
1283 1358 1472 1443 incognitam

306 1455 505 1541 acciperetis,
545 1457 624 1540 iore,
666 1466 702 1524 ut
734 1468 857 1545 postea,
898 1459 1030 1542 cognitis
1065 1460 1207 1543 insidiis,
1246 1483 1316 1526 cum
1360 1463 1471 1528 Xuiros

305 1559 470 1642 crearetis,
503 1566 572 1625 turn
608 1560 693 1627 titiis
722 1562 864 1629 omnibus
895 1570 925 1628 et
954 1564 1120 1629 sceleribus
1148 1565 1224 1649 legis
1254 1566 1309 1630 (ln.
1333 1567 1471 1652 Pompeii

305 1660 501 1747 praesidium
522 1664 736 1748 opponendum
757 1666 918 1751 putaretis
958 1668 999 1732 Et
1021 1668 1076 1731 hoc
1098 1646 1231 1752 parvum
1254 1676 1471 1753 argumentum

304 1764 398 1830 vobis
434 1763 494 1830 erit
529 1787 548 1830 a
584 1767 676 1833 certis
715 1769 892 1836 hominibus
940 1771 1183 1837 dominationem
1228 1779 1471 1860 potestatemque

397 1943 430 1985 ¹5.
442 1945 536 1990 muer
551 1947 690 2001 [cupiditatis]
705 1951 782 1990 oculas.
795 1972 819 1979 -
833 1954 968 2000 acceperitis.
981 1973 1006 1983 -
1019 1956 1051 1994 uti
1061 1957 1145 2003 postea.
1159 1975 1184 1986 -
1197 1958 1279 1997 craecia
1293 1976 1318 1987 -
1329 1958 1414 2005 patetis.

305 2083 473 2160 consulatum
490 2085 601 2151 peteret,
620 2080 679 2146 quia
697 2096 747 2133 uon
766 2079 893 2134 obtineret
911 2087 939 2136 nt
954 2083 1057 2152 legibus
1075 2084 1228 2157 solveretur,
1247 2089 1366 2139 narratur
1384 2087 1472 2140 trium·
1544 2112 1548 2121 ·

305 2172 405 2242 phum,
432 2184 508 2239 quem
531 2171 590 2222 ante
612 2169 701 2236 portas
718 2167 884 2234 expectabat,
912 2167 1040 2221 dimisisse
1063 2186 1093 2222 ac
1116 2186 1239 2237 praesens
1263 2187 1319 2224 esse
1340 2171 1472 2239 professus

308 2260 397 2325 (Suet.
409 2256 482 2310 Caes.
496 2254 552 2319 18):
571 2254 602 2306 de
619 2253 736 2320 imperio,
754 2252 822 2320 quod
840 2254 976 2319 retinebat,
994 2259 1054 2309 tune
1073 2255 1204 2324 agebatur,
1223 2256 1291 2325 quod
1311 2273 1368 2309 cnm
1386 2260 1471 2325 specie

307 2362 340 2399 ac
358 2342 480 2413 triumphi
498 2358 576 2395 eausa
599 2338 822 2402 haberet,me1ito
845 2341 966 2408 cupiebat
988 2343 1053 2395 solvi
1070 2342 1186 2411 legibus,
1208 2344 1284 2412 idque
1307 2345 1358 2397 nisi
1376 2345 1471 2397 inimici

305 2431 479 2493 obstitissent,
496 2428 570 2482 facile
587 2428 757 2496 impetrasset
776 2455 810 2464 -
828 2429 1037 2507 magistratibus·
1049 2447 1157 2499 quoram
1180 2439 1264 2484 certas
1283 2432 1345 2484 ordo
1364 2440 1408 2496 est,
1419 2434 1436 2485 i.
1449 2449 1471 2485 e.

306 2515 455 2578 consulatu,
472 2518 601 2586 praetura,
619 2514 763 2578 aedilitate,
781 2519 928 2583 quaestura,
946 2517 1038 2585 quibus
1061 2518 1179 2587 petendis
1201 2519 1258 2587 lege
1275 2516 1355 2570 Villio
1377 2518 1472 2581 annali,

306 2619 386 2674 qnam
404 2601 524 2665 diximus,
542 2603 611 2653 certa
629 2602 743 2668 tempora
767 2601 905 2653 constituta
923 2606 990 2655 siout
1026 2603 1123 2656 Horum
1141 2607 1226 2657 aedem
1249 2604 1373 2656 honorum
1391 2604 1471 2656 maior

306 2690 437 2762 quaedam
455 2704 516 2743 cura
533 2687 651 2741 habenda
668 2691 735 2752 erat,
756 2688 824 2756 quod
841 2704 873 2742 ex
891 2689 923 2742 iis
942 2689 1070 2754 nobilitas,
1087 2691 1222 2758 imagines,
1243 2691 1314 2743 loeus
1337 2692 1364 2743 in
1382 2694 1471 2743 senatu

306 2776 448 2846 omniaque
465 2789 531 2840 quae
548 2773 681 2842 praeclara
698 2771 867 2838 habebantur,
885 2774 1039 2842 pendebant.
1058 2803 1092 2812 ·-
1109 2774 1244 2828 reuocabo.
1280 2775 1408 2839 Notabile,
1426 2775 1472 2827 sed

307 2868 397 2915 nmen
415 2863 505 2929 aptum
521 2875 569 2913 nec
587 2876 603 2912 a
624 2863 716 2912 natura
733 2859 805 2911 verbi
830 2857 941 2912 alienum
964 2862 1017 2926 est,
1041 2859 1109 2929 quod
1133 2861 1217 2928 ipsum
1240 2876 1315 2913 snum
1341 2845 1472 2924 indiciam,

306 2947 380 3018 quod
396 2947 455 3015 §15
467 2948 519 3001 iam
530 2947 631 3011 tulerat,
649 2947 767 3000 renotari
786 2947 829 3013 ait,
847 2963 906 2999 cum
922 2948 1080 3019 frequentius
1096 2946 1195 3001 dieatm
1207 2949 1329 3001 memoria
1346 2947 1471 3000 renouari.

397 3033 439 3087 25.
458 3031 611 3102 cupiditatis
634 3031 720 3084 oculos
738 3031 755 3083 i.
773 3046 795 3084 e.
819 3032 999 3100 cupidissimos
1025 3032 1127 3097 oculos,
1151 3036 1179 3085 ut
1201 3034 1228 3085 iu
1246 3033 1311 3086 Phil.
1329 3031 1381 3096 XI,
1398 3031 1414 3084 5
1432 3035 1472 3084 est

308 3118 545 3192 impudentissimos
568 3118 654 3171 oculas
677 3133 721 3186 ape
745 3124 771 3169 et
786 3125 868 3171 ruente
891 3105 1000 3187 defigere
1020 3119 1047 3171 ia
1068 3119 1180 3172 alicuine
1200 3119 1373 3188 possessiones
1395 3124 1472 3185 atque

301 3207 440 3277 farturae.
469 3202 522 3257 Sed
538 3205 579 3256 est
594 3202 621 3254 in
639 3201 800 3255 substantivo
818 3201 915 3271 aliquid
932 3202 1064 3256 insolitum
1083 3220 1112 3255 ac
1129 3207 1262 3271 poetarum
1280 3217 1361 3271 prope
1379 3201 1471 3255 simile.

307 3293 365 3346 Iam
388 3291 457 3344 enim
477 3302 525 3356 per
547 3303 575 3341 se
597 3287 698 3340 oculum
720 3287 835 3340 adiicere
858 3288 941 3340 alieri
962 3288 1003 3341 rei
1025 3292 1065 3340 est
1087 3288 1207 3357 cupidum
1230 3304 1287 3342 esse
1310 3289 1381 3353 eius,
1399 3288 1471 3340 utin

308 3374 558 3440 verr.11,15‚37
579 3373 701 3427 videbant
723 3374 853 3428 adiectam
874 3362 928 3428 esse
951 3376 1052 3428 oculum
1074 3376 1220 3429 hereditati.
1248 3403 1282 3413 —
1309 3375 1471 3444 acciperetis.

309 3463 425 3521 Laborat
441 3461 483 3514 hie
500 3459 571 3513 loeus
589 3459 746 3528 temporibus
764 3460 913 3524 verborum,
934 3476 1000 3529 quae
1020 3461 1137 3527 inlibris
1156 3477 1203 3514 ms.
1221 3461 1296 3514 facile
1314 3459 1471 3515 confundun-

309 3555 362 3614 tur,
380 3548 452 3602 relat
468 3547 545 3616 paulo
563 3563 641 3616 supra
659 3546 727 3614 quod
745 3547 933 3600 cristianitatis
950 3550 1094 3602 necessario
1118 3549 1268 3617 requiritur,
1290 3550 1414 3601 incertum
1432 3550 1471 3597 est

310 3651 345 3688 an
364 3633 527 3687 librariorum
547 3632 703 3686 correctione
725 3632 846 3685 extiterit.
886 3631 940 3685 Sed
960 3634 1009 3686 hoc
1030 3633 1086 3686 loeo
1109 3633 1249 3685 deteriores
1270 3632 1328 3684 libri
1350 3629 1471 3682 exhibent

310 3719 482 3789 acceperatis,
504 3733 592 3771 omnes
614 3717 738 3770 creareris
759 3720 786 3769 et
801 3723 908 3786 puteat:
931 3733 1009 3786 quare
1031 3718 1142 3770 editores
1165 3732 1221 3769 cum
1240 3715 1394 3783 acceperitis
1412 3730 1470 3782 pro·

310 3807 431 3870 bassani,
454 3803 622 3869 emendarunt
639 3804 716 3857 etiam
734 3804 869 3866 crearitie,
893 3808 921 3856 ut
943 3805 1037 3872 ubique
1061 3803 1101 3856 vel
1127 3801 1274 3871 praesentia
1298 3800 1339 3852 vel
1357 3798 1471 3867 perfecta

310 3892 493 3948 scriberentur.
537 3891 696 3960 Quamquam
720 3894 787 3943 certe
804 3890 869 3942 illud
892 3891 1013 3943 crearitie
1031 3889 1208 3951 reiiciendum,
1232 3890 1272 3940 est
1289 3888 1356 3939 enim
1375 3885 1470 3938 creatis

308 3978 412 4041 Xairie,
430 3981 531 4047 oportet
543 3981 627 4032 auem
640 3992 697 4030 esse
709 3977 737 4028 in
749 3977 869 4030 creandis
878 3975 978 4039 Xoiris,
991 3975 1083 4043 quibas
1101 3974 1175 4026 iactis
1186 3972 1302 4040 Pompeii
1314 3971 1470 4041 praesidium

310 4082 365 4119 non
389 4063 500 4133 amplius
528 4067 615 4132 potest
640 4062 743 4131 opponi.
789 4062 873 4126 Quare
897 4060 1064 4126 Wesenberg.
1088 4058 1121 4110 ad
1139 4056 1190 4111 cic.
1209 4073 1235 4125 p.
1254 4057 1320 4111 Sest
1338 4074 1363 4125 p.
1382 4055 1424 4119 48,
1444 4058 1472 4108 ut

310 4151 454 4205 sententiae
471 4150 549 4202 etiam
567 4149 723 4212 consuleret,
745 4146 933 4200 commendavit
954 4145 1053 4198 creetis.
1091 4143 1173 4223 pris
1197 4142 1309 4211 quidem·
1323 4142 1350 4194 id
1371 4141 1471 4194 videtin

310 4252 371 4290 esse
389 4235 535 4299 violentius,
552 4233 699 4287 dubitamus
717 4234 806 4297 etiam,
830 4249 890 4285 num
909 4231 1060 4300 significarit
1078 4229 1165 4283 Cicero
1183 4245 1259 4298 posse
1278 4245 1323 4297 per
1340 4227 1472 4296 negligen-

311 4324 376 4377 tiam
393 4338 467 4376 suam
486 4321 609 4386 accidere,
627 4325 656 4374 ut
672 4335 732 4389 pop.
751 4321 823 4373 Rom.
842 4321 926 4387 legem
944 4318 1080 4372 Serviliam
1098 4318 1231 4386 acciperet
1266 4315 1345 4368 Immo
1364 4316 1411 4368 hoc
1430 4315 1472 4369 do-

310 4409 392 4462 bebat
408 4407 531 4472 indicare,
550 4422 597 4460 nec
615 4405 705 4474 populi
726 4405 923 4473 imprudentiam
945 4419 992 4456 nec
1015 4419 1087 4456 suam
1110 4401 1292 4471 negligentiam
1314 4416 1391 4469 posse
1414 4415 1472 4452 esse

311 4497 420 4558 uniam,
437 4497 467 4547 ut
483 4493 530 4546 illa
545 4494 588 4546 lex
607 4493 775 4560 acciperetur:
803 4490 849 4543 sed
870 4492 894 4544 si
917 4496 1003 4544 tamen
1022 4489 1190 4558 acciperetur,
1212 4487 1266 4540 iore
1289 4490 1317 4538 ut
1334 4486 1471 4553 Pompeius

310 4579 474 4648 potissimum
483 4579 552 4633 Xrir
568 4578 647 4632 fieret
674 4576 829 4644 Seripsimus
841 4578 921 4648 igitur
939 4575 1100 4647 acciperetis,
1113 4573 1320 4629 conservavimus
1339 4569 1471 4633 creareris,

310 4664 506 4721 mandarimus
520 4665 658 4736 putaretis.
