3550 5492
772 615 989 699 ÷51..

291 778 407 867 aliqua
429 780 587 848 curatione
615 804 650 848 33
672 789 837 868 potestate,
860 784 1029 848 sedetiam
1052 783 1182 867 collegas
1204 785 1286 865 eius,
1309 789 1462 869 cognatos,

291 886 409 950 affines
431 886 562 970 excipit,
591 907 630 949 ne
660 887 705 950 eis
727 908 763 950 33
784 895 920 972 potestas
942 889 1098 954 curatiove
1121 890 1294 954 mandetur.
1339 890 1463 954 Etenim
1473 900 1506 953 22

292 989 322 1053 si
347 989 463 1074 populo
485 989 630 1070 consulis,
653 997 820 1055 removete
843 1013 862 1055 a
883 991 1058 1076 suspicione
1080 989 1212 1054 alieuius
1226 991 1274 1054 tui
1296 991 1462 1055 commodi:

292 1092 346 1156 133
376 1090 470 1156 iidem
499 1097 530 1156 13
558 1092 637 1156 nihil
665 1093 727 1157 nisi
756 1093 861 1179 populi
891 1092 1058 1156 utilitatem
1090 1098 1121 1156 et
1142 1093 1277 1156 fructum
1303 1113 1462 1175 quaerere:

292 1186 374 1259 sino¹
391 1192 431 1258 ad
452 1193 529 1258 alios
550 1199 749 1279 potestatem,
777 1196 817 1259 ad
838 1201 869 1258 te
892 1196 1022 1276 gratiam
1051 1195 1192 1259 beneficii
1218 1195 1266 1258 tui
1293 1196 1462 1278 pervenire.

295 1297 383 1362 Nam
407 1297 463 1361 hoc
485 1297 611 1381 quidem
633 1299 685 1363 vix
709 1298 867 1363 estliberi
889 1299 1005 1383 populi,
1029 1299 1082 1363 vix
1104 1299 1277 1364 animorum
1295 1305 1463 1365 vestrorum

294 1422 333 1465 ac
365 1402 633 1485 magnificentiae:¹
673 1403 748 1479 Quis
777 1404 876 1487 legem
904 1401 998 1465 tulit?
1047 1402 1169 1466 Rullus.
1213 1403 1289 1478 Quis
1316 1403 1513 1471 maioremlx

293 1511 422 1590 partem
443 1504 549 1590 populi
571 1505 725 1588 suffragiis
748 1503 925 1590 prohibuit?
960 1504 1081 1569 Rullus.
1121 1506 1197 1582 Quis
1219 1505 1353 1569 comitiis
1375 1525 1463 1590 prae-

294 1604 382 1670 fuit?
433 1605 508 1681 Quis
537 1606 636 1670 tribus
666 1627 743 1689 quas
774 1607 872 1671 voluit
900 1607 1021 1671 vocavit
1050 1607 1135 1671 nullo
1164 1608 1288 1672 custode
1317 1607 1465 1672 sortitus?

295 1708 376 1786 Quis
392 1707 505 1773 Xuiros
527 1728 603 1811 quos
626 1707 725 1773 voluit
747 1711 960 1776 renuntiavit?
992 1712 1077 1777 Idem
1099 1711 1220 1776 Rullus.
1258 1713 1355 1788 Quem
1378 1712 1464 1797 prin·

390 1890 426 1933 28.
437 1874 558 1931 1311131113
570 1891 701 1933 eatam.

395 2053 436 2107 22.
454 2052 510 2107 eine
529 2054 566 2107 ad
583 2055 719 2108 3113313.
737 2071 788 2109 non
807 2055 840 2108 ad
857 2059 896 2119 te3
914 2056 973 2125 ipsi,
992 2055 1025 2108 ad
1043 2071 1107 2125 quos
1123 2060 1239 2124 potestas
1256 2058 1398 2125 perveniat,
1415 2072 1466 2110 non

297 2141 468 2196 deliniuntur.
506 2142 596 2210 ltaque
613 2147 682 2196 recte
704 2143 865 2196 emendatum
884 2147 936 2205 est,
958 2142 1026 2210 quod
1044 2141 1100 2195 cod.
1119 2158 1207 2196 omnes
1229 2143 1325 2196 habent
1347 2143 1384 2195 ad
1399 2143 1466 2206 illos,

297 2228 378 2298 quasi
396 2228 461 2281 certi
478 2229 531 2281 sint
542 2230 667 2294 homines,
685 2229 717 2281 ad
729 2244 793 2296 quos
811 2229 868 2298 lege
878 2230 976 2283 Licinia
989 2234 1014 2281 st
1023 2229 1134 2282 Aebutia
1146 2235 1261 2297 potestas
1279 2232 1419 2298 perveniat.
1432 2257 1465 2266 -

296 2313 349 2368 loc
367 2314 484 2381 quidem,
508 2315 578 2384 quod
595 2317 711 2385 sequitur
729 2314 760 2368 de
783 2331 900 2369 sermone
924 2317 997 2384 quasi
1020 2316 1110 2368 habito
1133 2317 1201 2368 inter
1222 2317 1422 2383 interrogantem
1440 2319 1466 2367 et

298 2399 518 2468 respondentem,
541 2417 615 2470 quem
640 2417 718 2470 posse
735 2401 823 2454 haberi
846 2417 937 2469 parum
955 2403 992 2453 311
1009 2401 1122 2453 libertati
1140 2400 1230 2468 populi
1249 2400 1358 2451 Romani
1375 2414 1466 2451 eonve-

298 2485 369 2538 nire:
393 2482 617 2552 Huynsficeuts'um
635 2485 749 2554 intellige
767 2501 818 2538 nou
836 2485 999 2553 splendorem
1012 2491 1194 2554 externamque
1209 2485 1321 2554 speciem
1339 2501 1371 2537 ex
1389 2486 1465 2538 rebus

297 2570 382 2638 gestis
405 2557 581 2634 3613331131,
604 2570 649 2624 sed
671 2587 758 2627 rerurn
780 2587 934 2640 properarem
953 2575 1157 2643 proposit-ionem
1175 2573 1270 2635 331111,
1294 2573 1361 2625 31311
1378 2570 1467 2624 definit

297 2657 354 2712 013.
373 2658 406 2711 de
426 2658 633 2723 111311.Π,54,
652 2659 793 2726 diciturque
813 2658 844 2711 de
863 2660 904 2713 oli.
923 2660 942 2724 I,
963 2660 993 2712 21
1014 2657 1204 2728 capessentibus
1216 2674 1296 2726 rerup.
1314 2687 1348 2694 —
1365 2658 1465 2725 113931·

293 2744 410 2811 ficentie
428 2751 454 2798 et
469 2744 640 2813 despicientia
659 2744 805 2797 adhibendo
824 2745 962 2796 adrerum
979 2743 1158 2795 brrrnccor-uru.
1176 2770 1210 2778 -
1228 2741 1363 2810 suffroqiis
1376 2741 1467 2809 prolui·

298 2828 365 2882 tuit.
396 2826 435 2882 01
454 2843 520 2899 quae
538 2844 615 2898 supra
634 2829 667 2881 ad
684 2831 738 2894 §lt
757 2829 826 2881 dicta
843 2832 911 2881 sunt.
938 2829 1073 2880 Diversum
1091 2828 1151 2879 hine
1168 2830 1217 2889 est,
1234 2826 1303 2894 quod
1321 2826 1387 2877 inira
1404 2814 1467 2877 dicit

297 2915 403 2967 emtore
416 2921 496 2982 perte
509 2915 604 2984 populi
626 2914 761 2984 suffragiis
784 2916 897 2984 spoliato
919 2916 1024 2969 comitia
1041 2914 1144 2967 11αό3111
1160 2930 1226 2982 quae
1244 2913 1323 2974 colet‚·
1347 2928 1405 2963 nam
1429 2911 1466 2964 ibi

298 3002 362 3070 quia
381 2999 453 3062 addit
470 3001 575 3054 33131113
598 3001 700 3056 lababit
723 3020 789 3070 quoe
812 3004 892 3067 colet,
916 3007 1017 3070 tempus
1040 3003 1066 3053 in
1090 3000 1159 3070 quod
1183 2999 1302 3068 spoliarit
1328 2995 1466 3064 signifieat.

299 3086 388 3151 Quare
406 3090 437 3140 ut
452 3087 505 3140 illie
524 3092 592 3141 recte
610 3089 646 3141 311
663 3090 786 3158 spoliata,
804 3091 840 3141 ita
857 3089 908 3151 hic,
926 3086 994 3156 quod
1012 3102 1039 3138 13
1050 3086 1135 3138 verius
1150 3087 1199 3148 est,
1217 3078 1466 3150 tantumprotibuit,

302 3172 321 3224 i.
333 3186 358 3224 e.
377 3185 428 3223 nou
446 3170 501 3225 iure
519 3171 635 3238 suffragii
652 3173 772 3240 privavit,
791 3172 836 3226 sed
854 3173 958 3224 iuterim
976 3172 1100 3239 suffragia
1117 3172 1183 3224 ferre
1202 3184 1252 3222 non
1265 3183 1356 3236 passus
1375 3170 1467 3219 est.—

301 3256 376 3309 mrllo
394 3255 499 3309 cocstede
516 3258 631 3309 33111113.
666 3257 723 3310 Duo
747 3274 841 3325 genera
863 3257 999 3311 custodum
1022 3258 1049 3309 in
1067 3257 1177 3311 comitiis
1201 3252 1318 3307 adhiberi
1341 3251 1466 3313 solebant,

301 3359 385 3396 unum
402 3343 477 3413 quasi
494 3344 668 3412 publicorum,
691 3346 735 3413 qui
752 3345 855 3413 publice
878 3345 911 3397 ab
930 3360 960 3396 eo
979 3345 1022 3411 qui
1041 3343 1145 3396 comitia
1163 3342 1282 3402 habebat,
1300 3337 1468 3407 eligebantur,
1523 3371 1525 3375 «

302 3434 334 3484 ut
351 3429 476 3498 sullragia
499 3434 525 3484 et
541 3431 647 3485 ferenda
665 3436 691 3484 et
715 3437 804 3501 postea
822 3431 957 3484 diribenda
974 3429 1146 3482 custodientes
1165 3443 1197 3480 ne
1220 3425 1280 3495 quid
1304 3440 1362 3477 cum
1380 3422 1468 3475 fraude

305 3519 428 3588 ageretur
444 3516 576 3583 viderent,
594 3519 702 3572 alterum
720 3519 891 3587 privatorum,
913 3532 977 3587 quos
998 3516 1054 3568 3113
1071 3515 1114 3567 lex
1137 3514 1191 3566 3113
1214 3516 1287 3565 13113
1310 3507 1467 3563 consuetudo

305 3602 452 3658 candidatis
470 3604 634 3671 permittebat
650 3605 741 3658 iisdem
760 3605 836 3658 rebus
855 3618 993 3673 apponere.
1034 3599 1107 3663 Quod
1125 3614 1182 3649 eum
1201 3597 1261 3649 olim
1279 3611 1310 3646 ex
1328 3592 1465 3660 compluri-

304 3688 356 3741 bus
373 3691 489 3740 veterum
507 3688 661 3756 scriptorum
679 3688 742 3741 loeis
755 3690 927 3758 colligeretur,
944 3691 998 3740 tum
1011 3701 1079 3739 nunc
1091 3700 1123 3737 ex
1140 3682 1206 3749 legis
1218 3679 1380 3746 municipalis
1391 3677 1469 3729 11313-

305 3774 451 3827 3113131111
469 3773 583 3842 eapLV
599 3774 676 3841 plane
694 3776 821 3843 apparuit
850 3773 991 3840 Utrumque
1009 3776 1093 3824 autem
1105 3767 1236 3821 hominum
1254 3778 1335 3832 genus
1354 3761 1468 3829 appella-

305 3858 404 3910 bantur
420 3857 550 3911 custodes.
591 3857 643 3910 Sed
660 3859 687 3910 in
704 3858 834 3911 sortiendo
853 3858 912 3911 talis
931 3875 992 3910 cura
1010 3855 1126 3908 adbiberi
1147 3866 1198 3904 non
1214 3851 1323 3918 poterat.
1359 3846 1425 3899 Nam
1443 3851 1469 3919 et

305 3945 334 3997 in
352 3943 505 4011 vulgaribus
523 3944 634 3997 eomitiis
647 3945 834 4013 praerogativa,
852 3959 917 4012 quae
935 3942 1018 4013 prima
1030 3940 1152 4006 suffragia
1161 3938 1247 3998 131131,
1259 3933 1373 4002 aliaeque
1386 3933 1469 3987 tribus

306 4031 378 4081 sorte
402 4026 561 4080 ducebantur
583 4031 610 4079 et
631 4028 657 4080 in
675 4029 716 4082 his
733 4028 844 4080 Xrirum
862 4030 973 4082 comitiis
993 4025 1166 4095 septendecim
1189 4022 1270 4075 tribus
1289 4019 1470 4087 331133133133

309 4127 371 4167 esee
389 4111 507 4166 vidimus.
535 4111 618 4176 Quam
636 4113 795 4166 sortitionem
813 4116 894 4166 totam
912 4114 944 4176 31,
962 4113 1006 4180 qui
1024 4109 1127 4162 comitia
1144 4106 1258 4168 haberet,
1277 4104 1348 4157 nullo
1366 4101 1471 4155 custode

308 4199 415 4270 publice
433 4200 552 4268 apposite
570 4201 721 4268 permissam
739 4216 796 4253 esse
814 4214 871 4252 cum
891 4199 1044 4266 scriptorum
1067 4194 1197 4248 silentium
1215 4196 1268 4245 tum
1286 4191 1350 4258 legis
1368 4188 1472 4242 Malaci-

306 4291 387 4339 tanae
410 4284 689 4353 cap.L1110stendit;
718 4286 837 4353 privatim
861 4289 946 4337 tamen
969 4283 1030 4350 quin
1053 4279 1246 4333 candidatorum
1268 4275 1386 4328 custodes
1414 4273 1472 4326 huie

306 4387 411 4442 quoque
438 4373 476 4424 rei
502 4371 633 4436 affuerint,
659 4372 771 4425 dubitari
800 4387 850 4424 non
876 4373 970 4438 potest.
1010 4367 1094 4431 Quare
1121 4365 1152 4417 de
1179 4363 1249 4416 nullo
1282 4359 1387 4413 custode
1414 4374 1473 4411 con·

308 4457 441 4513 stitrrendo
459 4458 670 4512 33133113111333
688 4457 791 4510 Rullum
803 4457 876 4524 'quod
895 4457 928 4509 ab
946 4455 1128 4510 consuetudine
1145 4451 1284 4512 recederet,
1301 4446 1472 4516 praecepisse.

308 4545 413 4600 Vitiosa
433 4549 518 4599 autem
536 4546 592 4600 eod.
609 4547 672 4614 Lag.
690 4541 708 4594 9
725 4544 802 4597 habet
820 4543 899 4596 Rullo
917 4542 1028 4606 custode,
1047 4542 1107 4594 item
1125 4539 1217 4592 1111333
1236 4534 1349 4587 sortitos.
1385 4530 1474 4598 Neque

309 4633 382 4686 enim
399 4633 487 4686 sortiri
505 4649 537 4686 ne
554 4633 581 4684 in
598 4633 734 4701 participio
752 4630 854 4698 quidem
873 4627 942 4696 apud
960 4625 1012 4680 Cic.
1030 4625 1132 4694 passive
1155 4621 1248 4674 dicitur
1266 4617 1409 4682 dubiusque
1425 4616 1474 4674 331,

310 4720 357 4791 qui
374 4719 402 4773 iu
420 4734 452 4772 eo
470 4734 562 4788 genere
579 4719 654 4773 citari
672 4718 747 4783 solet,
764 4716 836 4770 loeus
853 4715 887 4770 ad
905 4714 959 4768 Att
976 4711 1022 4776 lV,
1041 4711 1082 4775 16,
1099 4709 1124 4763 d.
1142 4734 1176 4747 -·
1193 4700 1380 4845 3134311313.
1413 4697 1476 4751 Pro·
