3550 5492
788 391 999 454 „gp-

310 545 410 613 rebuo
436 566 574 633 possem,
600 546 687 614 illiue
715 550 852 616 absentis
874 542 1058 637 dignitatem
1085 555 1245 635 vobiscum
1269 580 1335 625 uua
1361 568 1472 629 tuerer.

309 648 388 715 Feci
407 648 519 732 adhuc,
540 669 619 734 quae
633 650 731 735 potui,
745 672 845 738 neque
867 654 1079 721 familiaritate
1092 654 1179 721 illius
1201 658 1353 728 adductus
1373 685 1474 751 neque

311 774 371 839 ape
392 752 516 818 honoris
537 758 630 837 atque
651 754 859 841 amplissimae
875 757 1051 842 diguitatis:
1075 780 1170 844 quam
1189 781 1254 845 ego,
1276 766 1337 830 etsi
1357 766 1473 834 libente

311 858 380 941 illo,
403 864 508 925 tamen
529 858 656 924 absente
677 881 732 944 per
754 882 807 925 vos
828 868 1010 927 consecutus
1025 884 1105 928 sum.
1138 864 1237 941 Quam
1258 867 1296 932 ob
1317 889 1384 935 rem
1401 876 1516 937 oum50

312 959 490 1044 intelligam
510 961 591 1027 hauc
612 969 709 1029 tetam
729 966 791 1029 iere
805 964 904 1049 legem
927 966 967 1030 ad
988 965 1073 1030 illius
1095 987 1167 1052 opes
1190 971 1369 1037 evertendas
1392 980 1472 1040 tam-

312 1088 412 1152 quam
438 1067 614 1132 machinam
641 1071 826 1156 comparari,
859 1077 890 1135 et
917 1070 1059 1135 resistam
1086 1071 1224 1135 consiliis
1254 1073 1414 1141 hominum
1441 1085 1474 1144 et

312 1170 473 1257 perficiam
493 1171 635 1256 proiecto,
657 1172 737 1256 quod
759 1193 813 1255 ego
835 1173 923 1236 video
944 1172 1123 1257 comparari,
1146 1178 1182 1237 ut
1203 1173 1236 1239 id
1258 1196 1312 1240 vos
1334 1178 1472 1245 universi

311 1295 378 1340 non
407 1272 507 1339 solum
534 1274 654 1357 videre,
682 1297 790 1341 uerum
818 1276 912 1341 etiam
943 1284 1047 1341 tenere
1072 1278 1208 1364 possitis.
1250 1280 1339 1345 lubet
1366 1281 1548 1347 venirem

311 1392 395 1465 quae
416 1375 643 1458 Attalensium,
671 1398 750 1462 quac
776 1377 983 1461 Phaselitum,
1012 1400 1091 1462 quae
1117 1378 1330 1467 Olympiorum
1355 1382 1477 1449 suerint-

403 1533 436 1575 ιθ.
448 1535 553 1575 addam
566 1542 604 1573 m
616 1543 659 1583 ape.
680 1554 706 1563 -
727 1534 812 1574 absente
824 1536 863 1574 illo
872 1544 916 1583 per
928 1545 971 1575 eor.
990 1556 1014 1563 —
1033 1534 1067 1577 50.
1081 1538 1147 1576 aum
1160 1538 1222 1577 tanc.
1243 1557 1268 1566 -
1288 1539 1356 1585 adeo.
1368 1542 1391 1579 ut
1404 1539 1434 1579 td
1446 1557 1472 1569 -

312 1605 485 1655 Olympenorum

307 1725 350 1785 (li.
362 1740 443 1793 supra
454 1724 469 1793 ξ
480 1723 504 1776 s.
514 1749 548 1760 -
558 1737 638 1789 acque
644 1721 832 1789 familiaritate
846 1723 916 1773 illiue
928 1721 1055 1775 adductae
1072 1739 1153 1792 aeque
1165 1741 1210 1793 spe
1221 1724 1335 1778 honoria
1354 1727 1398 1780 Sic
1409 1729 1471 1782 scri·

306 1812 410 1883 psimus
423 1810 529 1878 propter
543 1809 720 1861 auctoritatem
729 1808 786 1861 cod.
792 1809 817 1872 9,
826 1823 884 1860 cum
899 1808 989 1879 ¹reliqui
1001 1825 1047 1862 ms.
1056 1812 1083 1861 et
1091 1810 1153 1863 editi
1165 1811 1277 1864 h'abeaut
1285 1828 1331 1864 aec
1340 1829 1386 1881 ape
1395 1813 1472 1867 hono-

309 1899 359 1951 ria.
378 1894 421 1949 Ad
429 1893 582 1948 mutantium
590 1893 692 1962 quidem
702 1893 765 1946 nibil
774 1893 881 1947 interest
890 1909 937 1946 nec
945 1894 1184 1962 probamusllaudii
1192 1897 1414 1967 inTursell.IVp.
1422 1899 1472 1954 125

310 1983 492 2046 subtilitatem,
509 1981 553 2049 qui
570 1980 615 2033 ubi
632 1982 659 2033 in
677 1980 756 2033 altero
774 1980 886 2033 membro
906 1997 952 2034 uec
969 1986 1115 2050 poneretur,
1133 1982 1270 2036 ascendere
1289 1985 1399 2051 putabat
1415 2000 1471 2038 ora·

310 2071 419 2124 tionem.
453 2066 528 2131 Quod
545 2070 630 2120 autem
647 2066 736 2120 Cicero
754 2067 902 2120 consulatus
920 2068 1081 2136 adipiscendi
1098 2085 1177 2122 causa
1193 2072 1263 2134 (nam
1275 2086 1333 2124 eum
1351 2072 1472 2125 honorem

310 2161 340 2210 et
365 2154 552 2224 amplissimam
578 2154 730 2222 dignitatem
755 2155 886 2222 intelligit)
912 2171 941 2207 se
963 2155 1079 2224 Pompeii
1105 2157 1236 2224 potentiae
1260 2157 1357 2211 favisse
1383 2162 1471 2226 negat,

311 2258 367 2298 uon
384 2242 511 2296 immerito
528 2245 555 2293 et
571 2245 669 2294 veteres
686 2241 835 2295 iudicabant
852 2246 879 2295 et
897 2259 944 2295 uos
962 2244 1165 2297 existimabimus
1183 2243 1300 2312 Pompeii
1317 2243 1472 2298 conciliandi

311 2346 396 2386 causa
411 2344 470 2383 eum
488 2329 521 2381 ad
538 2329 675 2397 populares
693 2333 754 2382 tunc
771 2345 799 2382 se
818 2330 965 2393 contulisse,
983 2347 1089 2398 quorum
1108 2347 1211 2384 causam
1228 2334 1364 2399 postquam
1381 2347 1472 2385 cousu-

310 2419 396 2473 laturn
412 2420 544 2472 amecutus
556 2419 604 2481 est,
621 2433 710 2470 rursus
723 2417 844 2469 deserant.
872 2416 1030 2485 Quamquam
1042 2419 1098 2486 ipse
1108 2416 1196 2471 Cicero
1212 2419 1239 2470 in
1252 2418 1322 2470 exitu
1340 2416 1472 2481 orationis,

312 2520 392 2575 quam
409 2520 457 2575 pro
474 2505 532 2575 lege
549 2503 654 2559 liauilia
671 2504 769 2568 habuit,
787 2505 829 2568 24,
847 2505 881 2559 70
898 2506 959 2557 item
978 2506 1026 2556 aits
1051 2512 1178 2571 testorque
1201 2520 1286 2556 omues
1304 2504 1364 2557 deca
1382 2531 1415 2541 —
1432 2519 1472 2556 mc

311 2592 361 2645 hoc
378 2607 459 2661 aque
476 2599 571 2661 reputa
582 2590 675 2660 socero
693 2592 845 2658 caircoqaum
862 2607 942 2659 oeque
960 2608 1009 2657 qao
1023 2589 1067 2644 Co.
1080 2590 1200 2661 Pompeii
1214 2590 1330 2659 protam
1346 2588 1410 2640 mih
1424 2603 1473 2656 per

311 2678 383 2732 bane
400 2694 506 2730 caueam
523 2677 662 2730 conciliari
674 2684 764 2746 putem
781 2693 861 2744 aeque
878 2694 928 2745 qao
946 2677 1010 2729 laihi
1026 2693 1059 2730 ca
1071 2678 1223 2746 cuiusquam
1239 2672 1409 2744 ampliarunt
1426 2681 1474 2726 aut

308 2761 451 2834 praaldia
466 2761 591 2832 periculis
609 2769 656 2814 aut
673 2761 822 2813 adiumento
839 2760 977 2813 honoribus
995 2776 1127 2827 quaeram.
1162 2759 1243 2812 Paulo
1266 2762 1327 2824 post
1348 2760 1408 2810 ante
1424 2773 1473 2811 nos

312 2848 438 2902 edebatur
456 2848 505 2901 etsi
522 2847 613 2901 libente
630 2848 691 2911 illo,
709 2854 795 2899 tomen
812 2846 915 2900 aloem
932 2847 987 2910 illo,
1004 2847 1032 2899 in
1049 2862 1099 2915 quo
1116 2847 1168 2899 iam
1185 2844 1336 2900 Lauredano
1353 2843 1472 2911 repetitio

312 2948 389 3004 pron.
407 2933 453 2986 illo
470 2931 610 3001 displicuit,
627 2947 677 3001 quo
695 2931 795 2984 facihus
813 2930 869 2984 cod.
887 2931 950 3000 Lag.
969 2932 985 2984 9
1003 2932 1084 2984 secuti
1102 2932 1242 2984 omisimus.
1402 2980 1409 2991 ,
1439 2990 1443 2996 ,

350 3076 354 3083 ,
400 3017 443 3072 50.
461 3025 592 3086 tamquam
608 3016 763 3075 machinam.
797 3016 995 3069 Simihtudinem
1013 3016 1087 3069 duxit
1105 3017 1138 3069 ab
1155 3032 1183 3069 re
1200 3015 1303 3080 bellica,
1323 3031 1402 3085 quare
1418 3032 1473 3068 mo-

313 3106 395 3160 chiaa
412 3108 452 3159 cst
468 3105 569 3169 bellica,
587 3121 638 3172 qua
654 3104 730 3158 urbes
748 3108 938 3173 expugnantur,
955 3109 984 3158 ut
1001 3122 1026 3173 p.
1037 3105 1104 3158 dom.
1119 3104 1159 3169 10,
1172 3105 1205 3161 27
1223 3105 1343 3158 deuincat
1359 3103 1473 3156 leminea

312 3191 408 3247 tudem
423 3189 551 3244 mechinia
562 3204 668 3257 sperma
685 3205 725 3241 me
735 3190 881 3242 restitutum
894 3206 972 3258 posse
984 3189 1147 3258 lobey'octorr,
1164 3189 1255 3259 quibua
1273 3194 1473 3242 autcuatoatem

306 3271 488 3348 ρσνὰιὶενιιητ.
517 3274 557 3326 Ex
574 3273 713 3341 eademque
731 3289 760 3326 re
782 3275 868 3326 cetera
890 3274 969 3326 rerba
992 3275 1073 3342 petita
1093 3278 1153 3327 suut
1169 3275 1210 3327 vel
1228 3277 1296 3327 certe
1314 3273 1348 3326 ad
1366 3273 1472 3326 eandem

311 3361 423 3433 aptaud
438 3377 498 3430 opes
516 3360 675 3422 evertendos,
693 3361 852 3429 cooiporori,
869 3361 998 3424 resistam,
1015 3362 1043 3414 in
1055 3378 1106 3430 qua
1117 3362 1285 3415 similitudine
1302 3361 1363 3429 quia
1380 3358 1473 3427 pergit,

312 3449 399 3518 magis
420 3449 511 3517 probo,
533 3446 602 3516 quod
625 3462 713 3499 omues
739 3448 821 3501 nostri
841 3446 898 3500 cod.
916 3447 1039 3512 retinent,
1067 3447 1136 3514 qood
1152 3462 1197 3514 epo
1215 3447 1289 3499 video
1315 3444 1473 3512 comparari,

312 3550 393 3606 quam
409 3533 479 3602 qued
495 3532 613 3585 Baiterns
631 3546 664 3583 ex
681 3531 769 3599 paucis
787 3547 834 3584 uec
852 3532 927 3584 bonis
945 3532 999 3584 suis
1017 3531 1097 3584 edidit
1114 3531 1183 3597 qood
1202 3546 1248 3597 epo
1266 3529 1348 3581 video.
1383 3526 1473 3595 Neque

313 3621 384 3675 enim
399 3622 495 3672 umere
512 3617 580 3669 idem
597 3617 703 3669 verbum
720 3617 852 3684 repetitur,
870 3615 917 3668 sed
934 3616 982 3667 hoc
994 3619 1046 3668 est:
1064 3630 1112 3683 ego
1129 3613 1204 3666 video
1221 3612 1312 3680 procul
1329 3611 1473 3664 machinam

312 3705 470 3774 comparari,
489 3719 574 3757 acres
591 3704 667 3772 cupio
685 3702 829 3755 machinam
847 3716 898 3754 nen
916 3700 992 3753 modo
1008 3699 1104 3764 udere,
1116 3714 1203 3752 verum
1221 3699 1298 3751 etiam
1317 3703 1409 3759 tenere,
1422 3696 1440 3748 i.
1450 3710 1472 3747 e.

312 3809 394 3848 mauu
416 3791 574 3861 prehendere
601 3806 631 3843 ac
652 3790 790 3844 destruere.
834 3789 874 3840 Ac
894 3789 972 3855 longe
993 3786 1095 3840 facilius
1118 3784 1193 3838 credo
1216 3784 1243 3835 iu
1265 3783 1362 3851 optimo
1386 3780 1473 3834 codice

311 3877 405 3947 Lag.9
422 3878 513 3933 abesse
533 3878 637 3931 verbum
655 3878 741 3944 (atque
759 3876 833 3929 abest
850 3877 898 3929 hoc
915 3876 973 3944 ipso
990 3875 1055 3937 loco,
1073 3889 1131 3926 cem
1143 3870 1282 3941 perficiam
1298 3870 1405 3932 habeat,
1422 3881 1473 3921 nou

312 3969 340 4016 ct
355 3962 501 4032 perficiam)
521 3978 598 4031 quam
620 3975 761 4030 superesse.
784 3989 818 3998 —
841 3959 916 4012 Iubet
937 3958 1024 4012 venire
1042 3972 1095 4024 seq.
1131 3957 1257 4009 Recenset
1280 3953 1376 4023 oppida
1394 3953 1426 4005 ab
1443 3952 1473 4004 P.

313 4047 426 4102 Servilio
443 4046 521 4100 Vatia
538 4046 652 4101 Isaurico
670 4049 754 4114 capta.
788 4045 814 4098 Is
835 4045 903 4097 enim
927 4059 959 4096 ex
983 4040 1116 4095 censtdatu
1139 4057 1198 4094 ann.
1215 4041 1248 4094 79
1271 4041 1298 4092 iu
1316 4037 1430 4091 (liciliam
1448 4042 1475 4092 et

312 4129 496 4200 Pamphyliam
513 4132 607 4185 missus
625 4145 682 4182 cum
695 4130 798 4183 Isauros
810 4128 920 4195 subegit,
932 4143 948 4178 a
959 4127 1052 4196 quibus
1069 4140 1210 4194 cognomen
1221 4124 1325 4189 invenit,
1342 4127 1397 4177 tum
1410 4123 1473 4176 alios

312 4215 434 4286 populos.
469 4216 508 4270 De
525 4233 576 4286 quo
593 4215 754 4284 Eutroplll,
766 4215 783 4267 3
796 4214 825 4267 Io
845 4213 965 4267 Ciliciam
982 4212 1089 4281 eabepit,
1107 4212 1203 4282 byciae
1220 4211 1295 4265 orbec
1313 4211 1473 4265 clarissimae

313 4304 478 4374 ορραρπαυίί
495 4311 521 4358 et
537 4305 618 4374 cepit:
636 4303 665 4354 io
682 4302 722 4354 liis
739 4300 910 4364 Phaselidem,
929 4299 1072 4369 Olympum,
1092 4296 1217 4367 Corycom
1234 4296 1355 4362 Ciliciae·
1372 4295 1474 4348 cadem·

313 4405 365 4459 que
383 4390 480 4459 oppida
497 4391 612 4442 nominat
629 4389 702 4442 Oros.
721 4385 753 4451 V,
771 4385 813 4451 23,
831 4384 969 4454 Olympum
992 4381 1094 4452 quidem
1116 4382 1194 4435 etiam
1211 4380 1300 4434 Cicero
1317 4374 1345 4432 iu
1362 4378 1435 4433 Verr,
1452 4378 1473 4442 l,

314 4476 359 4542 21,
371 4476 413 4531 56.
447 4475 537 4547 Itaque
555 4476 666 4531 dubitari
683 4475 770 4545 nequit
787 4473 818 4528 de
836 4468 1022 4533 Attalensilae,
1039 4467 1187 4530 Phaselitis,
1206 4465 1340 4537 Olympiis.
1371 4464 1473 4519 Etenim
