3550 5492
768 549 980 613 ..14-

298 715 379 779 licet.
422 709 589 794 Exigetur?
632 711 732 775 Vetat.
777 712 893 774 Verum
920 717 997 775 esto:
1026 710 1105 774 nihil
1135 716 1182 774 ost
1204 709 1290 801 qnod⁸
1308 692 1373 775 non
1396 708 1451 775 emi

255 885 259 892 ,
298 817 405 903 possit,
428 817 599 901 sitantum
621 815 683 896 des,
707 821 857 899 quantum
877 815 953 878 velit
967 815 1116 878 venditor.
1151 814 1326 898 Spoliemus
1350 815 1452 879 orbem

252 945 255 950 ·
298 927 458 1000 terrarum,
475 920 643 983 vendamus
665 919 836 1002 vectigalia,
860 917 1054 983 effundamus
1076 918 1239 999 aerarium,
1262 924 1299 983 ut
1320 918 1452 1003 locuple-

298 1023 372 1087 tatis
406 1029 460 1085 aut
490 1020 626 1084 invidiae
659 1027 713 1084 aut
744 1020 939 1104 pestilentiae
971 1020 1216 1105 possessoribus,
1251 1020 1318 1102 agri
1349 1026 1451 1083 tamen

299 1129 451 1189 emantur.
627 1197 629 1199 ,

257 1225 289 1277 16
391 1225 470 1302 Quid
497 1224 585 1289 tum?
625 1245 702 1309 quae
736 1225 795 1289 erit
822 1226 856 1290 in
883 1226 959 1290 istos
989 1246 1076 1308 agros
1111 1225 1265 1290 deductio:
1300 1246 1381 1308 quae
1410 1231 1452 1289 to-

227 1406 232 1411 „
298 1329 361 1394 tius
388 1328 431 1390 rei
461 1326 539 1390 ratio
567 1332 659 1410 atque
688 1325 869 1412 descriptio?
923 1327 1138 1408 Deduoentur‚
1166 1327 1278 1411 inquit,
1308 1327 1451 1393 coloniae.

241 1430 243 1434 ’
298 1428 399 1508 Quot?
420 1451 550 1514 quorum
572 1430 752 1496 hominum?
774 1431 806 1495 in
829 1452 907 1514 quae
930 1430 1024 1503 loca?,
1037 1431 1106 1514 quis
1129 1431 1290 1495 enim-non
1308 1431 1401 1497 uidet
1421 1432 1452 1496 iu

297 1532 422 1598 coloniis
444 1554 508 1597 esse
531 1533 605 1596 haee
627 1533 721 1596 etiam
742 1532 983 1597 consideranda?
1016 1533 1088 1597 Tibi
1107 1554 1175 1616 nos,
1196 1533 1305 1613 Rullo,
1329 1540 1361 1597 et
1383 1534 1449 1599 istis

204 1723 207 1727 Ι
296 1637 359 1701 tuis
381 1637 492 1700 harum
514 1658 617 1700 rerum
639 1637 901 1701 machinatoribus
923 1641 1019 1700 totam
1041 1637 1164 1701 ltaliam
1185 1638 1335 1701 inermem
1357 1638 1453 1702 tradi-

297 1746 381 1804 turos
404 1739 597 1821 existimasti,
621 1761 713 1824 quam
735 1740 898 1824 praesidiis
919 1741 1149 1822 confirmaretis,
1173 1741 1299 1805 coloniis
1324 1762 1453 1826 occupa·

296 1842 384 1923 retis,
408 1841 552 1906 omnibus
572 1841 683 1906 vinclis
706 1839 882 1906 devinctam
910 1843 1160 1907 et'oonstrictam
1181 1830 1349 1906 teneretis?
1368 1923 1372 1927 ἱ
1393 1843 1454 1908 Ubi

297 1946 379 2008 enim
407 1950 532 2010 cavetur
560 1965 599 2006 ne
625 1944 660 2007 in
687 1943 823 2007 laniculo
851 1944 1004 2008 coloniam
1030 1938 1244 2009 constituatis?
1277 1965 1316 2008 ne
1345 1945 1456 2011 urbem

296 2048 375 2111 hanc
403 2048 478 2110 urbe
506 2045 567 2108 alia
589 2065 724 2129 premere
753 2031 844 2128 atque
874 2066 981 2135 urgere
1008 2045 1154 2130 possitis?
1197 2046 1266 2110 Non
1294 2046 1454 2128 faciemus,

295 2149 407 2232 inquit.
455 2148 594 2210 Primum
622 2147 739 2230 nescio,
768 2147 878 2210 deinde
906 2147 1017 2229 timeo,
1040 2154 1193 2232 postremo
1222 2168 1283 2211 non
1311 2150 1455 2213 commit-

296 2258 376 2332 tam,
404 2257 440 2315 ut
460 2259 562 2315 vestro
585 2252 730 2315 beneficio
759 2251 861 2335 potius
884 2273 978 2336 quam
1002 2258 1104 2316 nostro
1127 2251 1254 2315 consilio
1277 2251 1356 2315 salii
1389 2274 1455 2317 esse

202 2355 458 2441 V1,17possimus.
513 2356 598 2432 Quod
625 2377 696 2420 vero
727 2361 824 2420 totam
849 2355 971 2419 ltaliam
1000 2355 1111 2420 vestris
1130 2354 1269 2419 'coloniis
1302 2355 1456 2441 complere

382 2529 413 2566 16.
428 2529 529 2566 coloniae.
552 2529 611 2574 Quo?
625 2539 720 2575 qaorum.
735 2549 759 2557 -
773 2530 909 2568 haecomnia
923 2530 1089 2568 consideranda.
1105 2548 1129 2555 -
1143 2528 1222 2566 tarum
1235 2530 1326 2567 omnium
1340 2539 1422 2568 rerum.
1437 2549 1455 2558 -
1469 2555 1471 2559 «

300 2599 330 2637 17.
348 2598 424 2637 vereris
444 2599 531 2636 ecloum.
543 2618 569 2625 -
1044 2594 1046 2599 ’

254 2795 257 2800 ,
385 2736 425 2788 16.
454 2735 538 2797 eror?
575 2734 718 2803 Lauredani
740 2735 803 2788 haec
825 2736 973 2800 coniectura
996 2739 1037 2789 est
1055 2738 1128 2800 (nam
1151 2736 1252 2790 codices
1273 2736 1370 2789 habent
1394 2738 1456 2803 pcc)

299 2837 364 2888 qnae
381 2836 428 2873 cnr
444 2837 505 2874 vera
522 2836 579 2873 esso
601 2821 729 2884 videatur,
751 2822 861 2880 diximus
885 2822 917 2874 ad
940 2826 1004 2875 orat.
1022 2822 1060 2887 ΙΙ,
1079 2822 1125 2885 27,
1143 2823 1184 2875 74.
1228 2822 1266 2874 Ae
1284 2810 1456 2889 qnam'faoilo

297 2907 323 2960 b.
335 2907 354 2958 l.
372 2907 437 2959 tales
455 2922 555 2960 errores
573 2907 689 2960 accidere
706 2909 845 2977 potuerint,
862 2909 1002 2962 ostendunt
1014 2910 1090 2961 etiam
1109 2925 1173 2976 quoe
1191 2910 1367 2976 insequuntur.
1395 2907 1455 2961 Ete

298 2994 350 3045 nim
368 3009 415 3047 nos
432 2997 539 3062 propter
556 2992 637 3048 todi)
656 2995 806 3063 scripsimus
824 3010 877 3048 esse
894 2995 958 3048 baec
976 2995 1054 3048 etiam
1071 2994 1268 3056 consideranda,
1285 2993 1376 3061 reliqui
1394 2992 1456 3047 libri

297 3095 344 3132 ms.
362 3080 458 3133 habent
479 3096 533 3132 esse
555 3079 618 3132 loeo
636 3081 723 3132 ornain
747 3080 945 3133 &coadoranda
986 3081 1057 3133 Ferri
1080 3082 1175 3147 potest
1189 3080 1291 3132 omnino
1309 3082 1455 3149 utrumque,

297 3165 359 3218 item
373 3181 451 3233 *quam
469 3165 544 3217 facile
556 3167 619 3218 haec
631 3166 752 3220 confundi
770 3167 907 3244 potuerint
919 3169 1038 3236 apparet3
1056 3181 1103 3219 uos
1122 3166 1199 3218 etiam
1210 3165 1377 3234 praetulimus
1397 3181 1455 3220 cum

297 3251 456 3318 constantiae
474 3265 565 3316 eausa,
587 3255 642 3305 tum
660 3252 823 3320 quodpanlo
841 3256 882 3305 est
899 3253 1060 3319 exquisitius.
1095 3251 1153 3304 Non
1172 3251 1262 3315 modo,
1280 3251 1377 3319 inquit,
1396 3267 1454 3305 eon·

298 3336 461 3389 siderandum
478 3324 526 3402 est,
541 3351 619 3406 'quam
638 3339 701 3390 utile
721 3339 756 3392 sit
773 3339 874 3408 plebem
892 3339 1015 3391 urbanam
1034 3337 1114 3390 minui
1127 3340 1153 3389 et
1170 3337 1270 3389 ltaliam
1288 3337 1456 3404 frequentari,

296 3437 384 3474 verum
402 3424 494 3487 etiam,
508 3424 707 3493 'quotcoloniae
724 3428 751 3477 et
769 3440 876 3494 quorum
893 3424 1023 3476 hominum
1042 3427 1068 3475 et
1085 3438 1150 3492 quae
1167 3423 1193 3474 in
1210 3422 1267 3475 loca
1285 3421 1455 3476 deducantur.

295 3507 335 3559 Ao
354 3508 440 3561 neseio
458 3509 586 3576 quomodo
604 3510 629 3564 h.
641 3511 659 3564 l.
677 3511 790 3564 librariis
808 3510 884 3564 nimis
903 3509 1055 3562 adiectivum
1069 3509 1151 3561 omnis
1167 3507 1272 3575 placuit.
1295 3505 1360 3557 Nam
1374 3509 1454 3575 paulo

297 3596 357 3661 post
369 3609 458 3646 rursus
476 3611 508 3647 ex
525 3594 583 3653 cod.
597 3597 612 3649 9
630 3596 756 3650 edidimus
773 3597 866 3649 Irarum
882 3611 970 3648 rerum
986 3591 1205 3646 machinatoribus
1221 3591 1248 3654 (i.
1261 3605 1283 3642 e.
1302 3589 1330 3642 0.
1349 3589 1456 3647 Caesari

297 3682 323 3730 et
339 3680 373 3732 Μ.
393 3677 502 3745 Crasso,
519 3684 578 3734 n'am
595 3682 642 3735 hos
660 3680 770 3750 intelligi
788 3682 899 3735 diximus
918 3680 1034 3736 adorat.
1052 3679 1090 3743 11,
1107 3678 1155 3743 24,
1173 3677 1225 3741 65),
1242 3677 1332 3744 reliqui
1350 3681 1456 3734 codices

296 3766 411 3819 inserunt
428 3751 649 3821 baram'omniam
666 3785 753 3822 reram
770 3765 997 3829 machinatoribus,
1018 3780 1075 3817 oum
1093 3779 1177 3816 omrtcs
1195 3779 1236 3815 res
1255 3762 1305 3814 dici
1323 3764 1358 3815 sit
1376 3765 1455 3819 inuti·

296 3850 429 3904 lissimum.
447 3881 481 3890 --
498 3854 527 3905 ia
544 3853 678 3917 Ianiculo,
694 3855 738 3923 qui
757 3855 823 3907 arcis
840 3854 897 3905 loco
915 3853 988 3904 iuxta
1005 3851 1113 3903 Romam
1130 3853 1197 3912 erat,
1215 3852 1244 3901 ut
1261 3865 1318 3901 eum
1341 3852 1454 3904 comitiis

297 3938 446 3990 centuriatis
463 3939 591 4007 praesidio
610 3939 721 3993 obtineri
739 3943 810 3992 vetus
828 3953 883 3992 mos
902 3938 986 3990 fuerit.
1022 3937 1060 3990 Gi.
1079 3939 1142 3990 orat.
1152 3936 1184 4000 II,
1199 3936 1240 4000 27,
1259 3936 1300 3989 74.
1330 3934 1455 3990 Animad-

296 4025 369 4076 uerto
388 4027 481 4088 autem,
498 4039 549 4078 non
566 4026 621 4078 sine
638 4041 792 4079 causacum
809 4024 905 4078 dixisse
922 4039 955 4076 ne
972 4021 1059 4076 arbem
1077 4022 1143 4074 bono
1161 4049 1194 4060 -
1207 4037 1326 4091 premere
1343 4050 1376 4058 -
1392 4039 1454 4091 poo-

298 4107 364 4160 sitio.
399 4107 470 4161 Satis
487 4101 555 4162 enim
572 4112 629 4162 erat
644 4108 832 4178 nemeaeus,-
854 4107 900 4160 sed
917 4108 974 4161 tolli
991 4107 1096 4161 volebat
1112 4107 1169 4176 lege
1187 4122 1286 4159 omnem
1303 4104 1454 4175 facultatem

297 4195 369 4247 urbis
387 4194 548 4269 premendae,
565 4195 651 4247 caveri
667 4195 725 4258 hec,
742 4209 775 4247 ne
786 4193 813 4247 in
830 4195 980 4262 cuiusquam
992 4196 1122 4263 potestate
1140 4196 1209 4247 osset
1220 4193 1309 4246 urbem
1327 4207 1453 4259 premere.

299 4278 338 4332 Of.
355 4279 423 4332 inira
440 4278 473 4331 ad
490 4281 555 4332 orat.
572 4277 708 4344 11,11‚29.
737 4279 818 4333 Paulo
835 4282 896 4333 ante
913 4281 982 4349 quod
999 4296 1032 4333 ex
1049 4279 1165 4333 codicum
1182 4279 1232 4333 fide
1250 4279 1333 4332 editur
1349 4278 1454 4342 vinclis,

298 4365 330 4419 ef.
350 4363 378 4417 O.
396 4363 426 4417 Τ.
443 4366 551 4432 patmus
568 4365 602 4417 ad
619 4363 672 4419 (iio.
690 4365 717 4435 io
734 4364 808 4419 Verr.
825 4364 858 4430 V,
875 4367 905 4430 7,
925 4366 965 4420 17.
983 4394 1017 4404 -
1035 4366 1127 4418 deinde
1146 4365 1232 4428 timeo,
1248 4364 1378 4417 timidiore
1395 4379 1453 4419 sum

298 4449 397 4512 animo,
419 4450 449 4500 ut
465 4450 582 4517 quamvis
605 4449 666 4502 nihil
684 4451 793 4505 fortasse
810 4451 917 4520 periculi
934 4437 1081 4516 immineat,
1108 4451 1176 4504 omni
1193 4454 1279 4502 tamen
1296 4450 1396 4525 ratione
1414 4466 1453 4504 so

297 4533 400 4587 ousitati
417 4549 489 4613 meae
505 4535 652 4604 prospicere
669 4538 778 4605 cupiam.
929 4535 933 4542 ’

385 4618 425 4671 17.
448 4620 562 4673 colomis.
598 4620 649 4675 Gur
666 4623 699 4675 ab
716 4624 764 4677 hac
781 4625 894 4677 omnium
916 4623 1033 4677 codicum
1053 4623 1164 4677 lectione
1181 4623 1214 4676 ad
1231 4620 1376 4697 Lauredaui
1392 4638 1454 4679 eon·
