3550 5492
788 436 1022 505 -119-

320 593 495 680 Respondit
515 615 535 661 a
555 596 700 663 Romulia
727 598 809 663 tribu
832 621 864 666 se
886 600 1015 669 initium
1036 624 1103 668 mse
1130 606 1294 670 facturum.
1339 608 1480 673 Primum

318 716 401 783 quae
424 703 472 763 est
492 698 553 763 ista
571 699 718 785 superbia
739 706 771 766 ot
792 704 988 788 contumelia,
1015 711 1052 771 ut
1072 707 1178 792 populi
1199 730 1271 793 pars
1292 717 1479 796 amputetur,

316 798 393 867 ordo
416 800 555 866 tribuum
577 801 766 886 negligatur,
795 810 867 868 ante
894 806 1018 871 rusticis
1041 807 1130 873 detur
1160 829 1247 894 ager,
1275 809 1329 895 qui
1353 811 1479 895 habent,

316 922 417 990 quam
437 904 581 988 urbanis,
609 905 723 990 quibus
751 907 813 973 ista
838 909 904 993 egri
931 931 1001 995 spes
1023 916 1055 976 et
1082 910 1258 978 iucunditas
1286 912 1480 982 ostenditur?

412 1093 444 1135 79.
457 1095 558 1137 mia.

408 1265 450 1320 79.
469 1284 486 1319 u
503 1264 626 1320 Rornulio
644 1264 720 1318 tribu.
745 1266 786 1319 Ita
802 1278 835 1316 ex
853 1263 1003 1320 auctoritate
1021 1268 1116 1322 codicis
1134 1269 1226 1337 optimi
1243 1271 1335 1339 scripsi
1352 1271 1422 1338 (nam
1439 1289 1479 1327 ce·

316 1352 368 1409 teri
385 1350 528 1407 Romiliom
545 1353 686 1423 appellant)
703 1354 815 1422 itemque
833 1353 996 1407 scribendum
1013 1370 1070 1408 esse
1088 1356 1200 1411 arbitror
1215 1358 1243 1410 in
1261 1357 1334 1411 Verr.
1352 1357 1409 1410 Act
1423 1358 1443 1423 I,
1454 1358 1478 1423 8,

316 1438 362 1493 23.
398 1438 490 1493 Festus
507 1457 533 1509 p.
552 1442 603 1496 270
620 1441 660 1495 ed.
678 1441 749 1496 llr'rll.
766 1440 916 1495 Rurnuliam
936 1445 1024 1507 vocat,
1045 1446 1073 1496 at
1089 1441 1173 1497 Varro
1189 1444 1253 1513 ling.
1270 1443 1325 1497 Lat
1344 1443 1376 1508 V,
1394 1443 1477 1498 airo-

315 1522 427 1588 nc'lieus,
441 1526 471 1577 nt
486 1523 596 1578 videtur.
613 1552 648 1563 -
665 1524 783 1578 Primum
800 1528 848 1578 oet.
890 1524 1014 1578 'l'ribuum
1031 1525 1140 1595 triginta
1162 1527 1272 1597 quinque
1294 1529 1385 1597 populi
1402 1529 1476 1584 Rom.

315 1610 417 1662 eertrrm
434 1614 535 1666 conant
551 1611 631 1666 fuisse
648 1612 776 1677 ordinem,
799 1628 850 1666 non
873 1616 904 1665 ut
926 1629 990 1681 quae
1017 1612 1190 1680 antecederet,
1216 1616 1364 1670 honoratior
1388 1617 1476 1684 utique

315 1697 396 1759 met,
413 1710 479 1763 qnae
496 1696 652 1762 succederet,
669 1698 767 1751 minore
784 1697 881 1751 honore
898 1686 1013 1751 unietur
1030 1700 1100 1763 (nam
1118 1715 1183 1768 quae
1202 1698 1233 1753 de
1250 1701 1346 1754 honore
1363 1702 1474 1756 tribuum

316 1778 350 1833 ab
368 1778 432 1834 virle
449 1780 531 1836 doctis
548 1799 620 1836 nunc
633 1784 718 1838 solent
735 1783 869 1852 disputari,
887 1784 976 1836 inania
992 1783 1046 1837 fere
1064 1788 1139 1853 atque
1160 1802 1193 1839 ex
1210 1788 1362 1840 testimoniis
1386 1805 1476 1857 parum

317 1866 539 1937 recte-explicatis
558 1873 615 1922 orta
635 1885 692 1923 esse
705 1868 840 1935 ridemus),
858 1886 947 1923 rerum
970 1870 1129 1924 comitiorum
1146 1886 1237 1936 causa,
1255 1876 1296 1937 ut,
1317 1873 1340 1926 si
1358 1890 1408 1940 qua
1424 1890 1477 1927 una

316 1955 387 2005 sorte
410 1955 480 2006 met
501 1952 592 2018 ducta,
617 1954 731 2024 reliquae
757 1957 826 2007 certo
854 1954 943 2007 ordine
961 1957 1121 2008 vocarentur.
1156 1955 1181 2009 Is
1204 1954 1267 2009 ordo
1291 1955 1373 2024 qualis
1391 1958 1476 2021 tuerit,

315 2050 409 2104 parum
427 2040 523 2090 cenum
541 2041 590 2092 est.
616 2038 715 2092 Primae
733 2038 813 2092 fuisse
831 2041 934 2092 constat
951 2041 1071 2107 quattuor
1083 2039 1204 2104 urbanas,
1217 2039 1388 2107 Suburanam,
1400 2042 1476 2094 Pala·

316 2122 407 2186 h'nam,
423 2120 592 2190 Esquilinam,
610 2121 750 2186 Collinam3
773 2138 832 2175 nam
849 2121 897 2176 has
915 2123 954 2174 ita
971 2125 1087 2174 numerat
1105 2122 1188 2177 Varro
1207 2123 1238 2176 de
1255 2122 1319 2192 ling.
1337 2125 1381 2179 lat.
1399 2125 1431 2188 V,
1450 2127 1474 2179 9.

315 2206 371 2261 ldae
389 2206 460 2276 apud
476 2206 583 2274 Dionys.
599 2207 649 2272 lV,
668 2208 709 2271 14,
727 2208 771 2276 qui
788 2207 945 2272 Palatinam,
964 2206 1137 2272 Suburanam,
1160 2206 1300 2273 Collinam,
1318 2209 1476 2279 Esquilinam

314 2292 444 2358 nominat,
467 2291 582 2345 ordinem
605 2308 662 2346 esse
684 2296 813 2347 servatum
830 2294 873 2346 hic
896 2294 953 2362 ipse
974 2293 1059 2358 locus,
1088 2293 1156 2347 unde
1178 2294 1339 2349 Suburanam
1362 2296 1476 2350 tribuum

313 2377 430 2432 omnium
447 2376 556 2445 primam
574 2377 655 2431 fuisse
673 2377 825 2446 colligimus,
843 2378 926 2431 docet
961 2377 1140 2446 Sequebantur
1157 2378 1265 2448 triginta
1281 2394 1333 2432 una
1357 2381 1476 2445 rusticae,

313 2478 346 2519 ex
362 2463 458 2535 quibua
475 2463 592 2531 primam,
610 2465 723 2516 omnium
740 2465 855 2533 quintam
873 2463 1019 2517 Romuliam
1035 2464 1116 2518 fuisse
1134 2463 1210 2518 docet
1227 2464 1308 2518 Varro
1326 2465 1343 2518 l.
1360 2465 1378 2517 l.
1397 2465 1475 2519 ethic

312 2548 395 2605 ltrcrru⁸
430 2548 554 2617 Reliquae
572 2549 694 2620 deinceps
711 2553 803 2605 incerti
821 2551 918 2605 ordinis
936 2555 997 2604 sunt
1014 2553 1083 2616 (nam
1100 2567 1161 2604 num
1179 2567 1212 2605 ex
1229 2550 1302 2605 Grut
1320 2567 1346 2620 p.
1365 2551 1426 2616 ato,
1442 2553 1476 2606 10

313 2629 344 2689 tle
360 2634 479 2689 Voltinia
501 2639 631 2705 tamquam
655 2640 729 2690 sexta
751 2638 838 2706 colligi
863 2637 940 2690 liceat
970 2636 1078 2702 dubito),
1104 2638 1220 2690 ultimam
1237 2636 1339 2706 quidem
1361 2638 1474 2691 omnium

313 2721 454 2775 Amanum
470 2720 551 2775 fuisse
569 2722 697 2777 ducemus
715 2739 747 2776 ex
764 2724 807 2788 iis,
825 2739 891 2792 quae
909 2722 997 2776 Cicero
1016 2723 1066 2776 h.l.
1086 2722 1134 2775 ait:
1153 2741 1170 2775 a
1182 2721 1324 2775 Suburano
1341 2739 1421 2791 usque
1439 2722 1476 2775 ud

312 2804 454 2861 semen
470 2809 575 2862 aornim
591 2816 679 2864 canu
693 2817 833 2880 proponat,
851 2811 878 2863 in
896 2811 988 2879 quibus
1008 2810 1075 2863 hanc
1092 2809 1245 2862 sententiam
1262 2809 1346 2861 inesse
1364 2811 1474 2877 oportet,

313 2895 451 2957 utltmlus
468 2898 581 2951 omnium
599 2899 720 2964 tribuum,
738 2900 854 2970 aprima
872 2899 905 2951 ad
923 2898 1047 2963 ultimam,
1065 2898 1170 2952 nomina
1186 2910 1329 2966 proponere
1345 2893 1473 2947 iubeatur.

312 2980 347 3034 dt
361 2981 434 3035 enim
449 2978 590 3039 Διιίεπιοινι
607 2997 653 3037 nos
672 2985 823 3038 auctoritate
841 2983 917 3036 unius
935 2981 1030 3035 codicis
1048 2981 1111 3050 Lag.
1129 2981 1145 3034 9
1163 2978 1364 3049 appellavimus,
1381 2977 1473 3045 reliqui

313 3082 400 3122 omnes
418 3067 536 3127 scribunt
552 3067 715 3134 Arniensem,
733 3086 781 3124 nec
799 3070 858 3123 ullis
876 3069 1033 3138 argumentis
1057 3072 1102 3121 aut
1117 3064 1272 3120 testimoniis
1297 3066 1354 3116 utra
1377 3063 1472 3116 rectius

313 3154 357 3221 pr'o
375 3152 470 3207 ultima
490 3153 615 3208 habeatur
632 3157 701 3220 (nam
724 3161 750 3209 et
766 3156 906 3210 Aniensem
930 3157 956 3207 et
973 3152 1126 3206 Arniensem
1143 3149 1237 3202 tribum
1258 3147 1338 3200 fuisse
1353 3146 1472 3210 constat),

313 3235 479 3302 ducemur,
501 3242 530 3291 ut
550 3239 577 3291 iu
600 3241 674 3292 tanta
694 3240 856 3308 permutandi
878 3238 1003 3292 facilitate
1025 3238 1101 3290 unius
1123 3235 1220 3289 codicis
1242 3250 1294 3287 una
1320 3233 1473 3287 auctontate

313 3322 430 3376 nitamur.
459 3323 512 3376 Sed
529 3323 571 3377 hic
588 3340 646 3378 cum
662 3325 776 3378 tribuum
794 3325 856 3379 ordo
875 3307 944 3376 esset
960 3323 988 3374 in
1006 3320 1124 3384 comitiis,
1133 3319 1221 3372 Cicero
1234 3317 1342 3371 eundem
1361 3317 1389 3369 in
1401 3317 1472 3385 agris

313 3402 456 3460 diuidendis
474 3408 572 3461 senari
589 3409 744 3476 postulabat,
762 3409 884 3482 iniquam,
902 3411 932 3460 ut
950 3410 1065 3475 apparet,
1082 3405 1165 3472 legem
1184 3406 1299 3456 statuens
1317 3401 1420 3465 xnus,
1438 3416 1471 3453 ne

313 3492 507 3559 quem-omnino
525 3508 559 3546 ex
575 3495 694 3548 interiore
716 3495 786 3549 tribu
808 3493 974 3554 deducerent,
998 3490 1048 3543 nisi
1073 3489 1191 3541 omnibus
1215 3484 1388 3555 superioribus
1406 3484 1469 3536 satis

311 3572 439 3629 &niment-
480 3575 519 3629 Ac
542 3593 600 3632 cum
617 3578 710 3631 Rullus
734 3593 762 3630 ss
784 3578 816 3630 ab
834 3576 955 3630 &mulia
971 3576 989 3628 i.
1007 3591 1029 3627 e.
1048 3591 1064 3626 a
1081 3573 1165 3641 prima
1184 3571 1352 3632 rusticarum,
1379 3569 1470 3638 quinta

311 3660 424 3713 emnium
445 3661 547 3714 initium
568 3663 696 3716 facturum
717 3663 838 3724 dixisset,
862 3661 926 3712 duas
948 3675 989 3712 res
1012 3655 1225 3726 reprehendebat.
1248 3653 1378 3706 ·Primunr
1402 3654 1471 3706 enim

310 3748 480 3815 pascimini
502 3749 543 3801 vel
565 3750 592 3802 in
616 3754 758 3803 extremum
779 3747 841 3800 reici
864 3747 984 3813 quattuor
1005 3743 1088 3796 tribus
1111 3740 1223 3794 urbanas
1240 3739 1315 3803 (haec
1338 3739 1407 3791 enim
1429 3741 1471 3790 cst

307 3847 371 3902 perra
383 3834 494 3902 populi,
513 3849 578 3902 quae
598 3839 727 3902 tamquam
751 3832 782 3885 dc
806 3835 859 3884 toto
884 3828 995 3881 civitatis
1018 3840 1125 3895 corpore
1148 3823 1321 3892 amputator),
1343 3821 1421 3890 idque
1438 3837 1469 3875 eo

310 3932 366 3973 nse
381 3919 507 3987 iniquius,
525 3921 593 3989 quod
610 3922 692 3974 tribus
716 3920 828 3973 rusticae
850 3916 975 3974 haberent
998 3927 1100 3980 agrum,
1123 3909 1236 3962 urbanae
1263 3923 1314 3962 nun
1336 3907 1468 3961 haberent.

309 4002 379 4057 llaec
396 4005 564 4073 reprehensio
581 4006 638 4059 ideo
656 4006 758 4058 ridetur
774 4019 831 4058 esse
847 4004 944 4072 iniqua,
962 3998 1030 4067 quod
1043 3997 1093 4052 etsi
1108 3996 1183 4050 initio
1195 4011 1253 4050 eum
1265 3995 1470 4058 instituerentur,

308 4088 391 4142 tn'bus
413 4091 526 4144 mancae
549 4095 648 4145 tantum
670 4092 786 4144 homines
812 4091 881 4159 agris
904 4085 1035 4157 praeditos
1059 4082 1317 4151 comprehenderant,
1343 4079 1468 4148 paulatim

308 4176 395 4227 umen
414 4189 466 4228 non
483 4176 567 4230 minus
588 4178 614 4230 in
632 4177 684 4230 illis
702 4193 778 4246 quam
801 4178 828 4230 iu
850 4178 957 4230 urbanis
981 4178 1055 4246 egeni
1079 4176 1197 4245 agrisque
1221 4169 1337 4223 carentes
1361 4164 1468 4218 tribules

307 4261 455 4314 utiterant.
485 4262 575 4317 Plures
588 4267 673 4318 esseut
685 4279 811 4333 pauperes
823 4265 850 4316 in
862 4264 981 4318 tribubus
993 4263 1107 4326 urbanis,
1125 4259 1262 4329 praecipue
1278 4255 1313 4308 ob
1324 4252 1468 4314 libertinos,

306 4347 396 4415 quiin
413 4349 447 4401 iis
465 4349 652 4413 censebantur,
670 4350 715 4401 sed
738 4353 806 4402 certe
822 4349 935 4417 iniquius
954 4347 1042 4401 Cicero
1058 4347 1096 4400 ita
1117 4344 1193 4408 dicit,
1216 4340 1290 4411 quasi
1315 4338 1343 4390 in
1364 4334 1467 4389 rusticis

306 4448 383 4488 namo
401 4450 465 4503 agro
483 4438 600 4490 caruerit
636 4437 726 4491 Rullus
746 4440 830 4489 autem
849 4452 900 4489 uon
918 4435 1007 4489 dubito
1025 4433 1086 4502 quin
1103 4431 1152 4484 hoc
1170 4432 1272 4482 secutus
1290 4425 1332 4487 sit,
1350 4420 1419 4491 quod
1435 4434 1468 4472 ex

307 4519 430 4576 tribubus
448 4522 552 4576 rusticis
569 4524 685 4578 homines
703 4524 759 4592 agri
776 4522 875 4577 colendi
892 4523 978 4575 essent
994 4520 1130 4591 peritiores
1147 4530 1228 4585 neque
1245 4513 1273 4566 in
1290 4509 1388 4578 optimo
1406 4519 1467 4577 agro
