<?xml version="1.0" encoding="UTF-8"?>
<!DOCTYPE html PUBLIC "-//W3C//DTD XHTML 1.0 Transitional//EN"
    "http://www.w3.org/TR/xhtml1/DTD/xhtml1-transitional.dtd">
<html xmlns="http://www.w3.org/1999/xhtml" xml:lang="en" lang="en">
 <head>
  <title>
</title>
<meta http-equiv="Content-Type" content="text/html;charset=utf-8" />
  <meta name='ocr-system' content='tesseract 3.04.00' />
  <meta name='ocr-capabilities' content='ocr_page ocr_carea ocr_par ocr_line ocrx_word'/>
</head>
<body>
  <div class='ocr_page' id='page_1' title='image "./orationestresde00cicegoog/orationestresde00cicegoog_0121.png"; bbox 0 0 3550 5492; ppageno 0'>
   <div class='ocr_carea' id='block_1_1' title="bbox 684 532 916 649">
    <p class='ocr_par' dir='ltr' id='par_1_1' title="bbox 684 532 916 649">
     <span class='ocr_line' id='line_1_1' title="bbox 684 532 916 649; baseline 0.009 -1"><span class='ocrx_word' id='word_1_1' title='bbox 684 532 916 649; x_wconf 51' lang='lat' dir='ltr'>-srss</span> 
     </span>
    </p>
   </div>
   <div class='ocr_carea' id='block_1_2' title="bbox 202 746 1374 1123">
    <p class='ocr_par' dir='ltr' id='par_1_2' title="bbox 202 746 1374 1123">
     <span class='ocr_line' id='line_1_2' title="bbox 204 746 1371 833; baseline 0.002 -20"><span class='ocrx_word' id='word_1_2' title='bbox 204 754 296 829; x_wconf 92' lang='lat' dir='ltr'>tum,</span> <span class='ocrx_word' id='word_1_3' title='bbox 325 746 444 811; x_wconf 90' lang='lat' dir='ltr'>decreto</span> <span class='ocrx_word' id='word_1_4' title='bbox 466 752 497 811; x_wconf 88' lang='lat' dir='ltr'>et</span> <span class='ocrx_word' id='word_1_5' title='bbox 518 746 620 831; x_wconf 88' lang='lat' dir='ltr'>palam</span> <span class='ocrx_word' id='word_1_6' title='bbox 643 747 797 830; x_wconf 84' lang='lat' dir='ltr'>regionem</span> <span class='ocrx_word' id='word_1_7' title='bbox 821 747 906 812; x_wconf 86' lang='lat' dir='ltr'>illam</span> <span class='ocrx_word' id='word_1_8' title='bbox 933 748 1108 833; x_wconf 80' lang='lat' dir='ltr'>petierunt?</span> <span class='ocrx_word' id='word_1_9' title='bbox 1141 750 1202 831; x_wconf 90' lang='lat' dir='ltr'>An,</span> <span class='ocrx_word' id='word_1_10' title='bbox 1226 749 1371 833; x_wconf 82' lang='lat' dir='ltr'>Quirites,</span> 
     </span>
     <span class='ocr_line' id='line_1_3' title="bbox 204 853 1374 938; baseline 0 -20"><span class='ocrx_word' id='word_1_11' title='bbox 204 854 248 936; x_wconf 92' lang='lat' dir='ltr'>ii,</span> <span class='ocrx_word' id='word_1_12' title='bbox 272 853 328 938; x_wconf 91' lang='lat' dir='ltr'>qui</span> <span class='ocrx_word' id='word_1_13' title='bbox 350 873 404 937; x_wconf 93' lang='lat' dir='ltr'>per</span> <span class='ocrx_word' id='word_1_14' title='bbox 432 872 556 917; x_wconf 89' lang='lat' dir='ltr'>cursum</span> <span class='ocrx_word' id='word_1_15' title='bbox 579 857 696 916; x_wconf 89' lang='lat' dir='ltr'>reatum</span> <span class='ocrx_word' id='word_1_16' title='bbox 723 872 853 935; x_wconf 89' lang='lat' dir='ltr'>regnum</span> <span class='ocrx_word' id='word_1_17' title='bbox 875 858 979 916; x_wconf 90' lang='lat' dir='ltr'>tenere</span> <span class='ocrx_word' id='word_1_18' title='bbox 1001 872 1064 917; x_wconf 92' lang='lat' dir='ltr'>uon</span> <span class='ocrx_word' id='word_1_19' title='bbox 1085 858 1261 937; x_wconf 89' lang='lat' dir='ltr'>potueruut,</span> <span class='ocrx_word' id='word_1_20' title='bbox 1290 874 1374 919; x_wconf 91' lang='lat' dir='ltr'>nunc</span> 
     </span>
     <span class='ocr_line' id='line_1_4' title="bbox 204 953 1374 1039; baseline -0.003 -16"><span class='ocrx_word' id='word_1_21' title='bbox 204 956 309 1023; x_wconf 85' lang='lat' dir='ltr'>caecis</span> <span class='ocrx_word' id='word_1_22' title='bbox 331 955 467 1021; x_wconf 84' lang='lat' dir='ltr'>tenebris</span> <span class='ocrx_word' id='word_1_23' title='bbox 488 961 520 1020; x_wconf 93' lang='lat' dir='ltr'>et</span> <span class='ocrx_word' id='word_1_24' title='bbox 541 954 673 1039; x_wconf 87' lang='lat' dir='ltr'>caligine</span> <span class='ocrx_word' id='word_1_25' title='bbox 703 976 736 1020; x_wconf 91' lang='lat' dir='ltr'>se</span> <span class='ocrx_word' id='word_1_26' title='bbox 758 953 980 1019; x_wconf 81' lang='lat' dir='ltr'>Alexandriam</span> <span class='ocrx_word' id='word_1_27' title='bbox 1001 959 1202 1038; x_wconf 88' lang='lat' dir='ltr'>perventuros</span> <span class='ocrx_word' id='word_1_28' title='bbox 1231 954 1374 1020; x_wconf 89' lang='lat' dir='ltr'>arbitrati</span> 
     </span>
     <span class='ocr_line' id='line_1_5' title="bbox 202 1056 305 1123; baseline -0.019 0"><span class='ocrx_word' id='word_1_29' title='bbox 202 1056 305 1123; x_wconf 88' lang='lat' dir='ltr'>sunt?</span> 
     </span>
    </p>
   </div>
   <div class='ocr_carea' id='block_1_3' title="bbox 300 1239 1251 1289">
    <p class='ocr_par' dir='ltr' id='par_1_3' title="bbox 300 1239 1251 1289">
     <span class='ocr_line' id='line_1_6' title="bbox 300 1239 1251 1289; baseline -0.002 -8"><span class='ocrx_word' id='word_1_30' title='bbox 300 1243 323 1281; x_wconf 82' lang='lat' dir='ltr'>ret</span> <span class='ocrx_word' id='word_1_31' title='bbox 336 1250 383 1279; x_wconf 71' lang='lat' dir='ltr'>um</span> <span class='ocrx_word' id='word_1_32' title='bbox 397 1240 478 1280; x_wconf 78' lang='lat' dir='ltr'>direda</span> <span class='ocrx_word' id='word_1_33' title='bbox 491 1242 512 1280; x_wconf 89' lang='lat' dir='ltr'>et</span> <span class='ocrx_word' id='word_1_34' title='bbox 522 1240 605 1289; x_wconf 68' lang='lat' dir='ltr'>palam.</span> <span class='ocrx_word' id='word_1_35' title='bbox 618 1257 643 1268; x_wconf 95' lang='lat'><em>-</em></span> <span class='ocrx_word' id='word_1_36' title='bbox 657 1248 686 1277; x_wconf 86' lang='lat' dir='ltr'>an</span> <span class='ocrx_word' id='word_1_37' title='bbox 700 1239 826 1286; x_wconf 70' lang='lat' dir='ltr'>caietanis,</span> <span class='ocrx_word' id='word_1_38' title='bbox 840 1240 878 1286; x_wconf 74' lang='lat' dir='ltr'>aar·</span> <span class='ocrx_word' id='word_1_39' title='bbox 886 1248 935 1289; x_wconf 83' lang='lat' dir='ltr'>prr.</span> <span class='ocrx_word' id='word_1_40' title='bbox 949 1256 974 1269; x_wconf 84' lang='lat'>—</span> <span class='ocrx_word' id='word_1_41' title='bbox 987 1249 1043 1279; x_wconf 86' lang='lat' dir='ltr'>nane</span> <span class='ocrx_word' id='word_1_42' title='bbox 1055 1240 1132 1281; x_wconf 81' lang='lat' dir='ltr'>taetris</span> <span class='ocrx_word' id='word_1_43' title='bbox 1145 1240 1251 1281; x_wconf 70' lang='lat' dir='ltr'>tenebris.-</span> 
     </span>
    </p>
   </div>
   <div class='ocr_carea' id='block_1_4' title="bbox 203 1418 1453 4759">
    <p class='ocr_par' dir='ltr' id='par_1_4' title="bbox 203 1418 1453 4759">
     <span class='ocr_line' id='line_1_7' title="bbox 203 1418 1373 1491; baseline -0.002 -16"><span class='ocrx_word' id='word_1_44' title='bbox 203 1424 340 1491; x_wconf 84' lang='lat' dir='ltr'>paccatur,</span> <span class='ocrx_word' id='word_1_45' title='bbox 357 1420 464 1474; x_wconf 88' lang='lat' dir='ltr'>mutatio</span> <span class='ocrx_word' id='word_1_46' title='bbox 487 1435 539 1473; x_wconf 91' lang='lat' dir='ltr'>non</span> <span class='ocrx_word' id='word_1_47' title='bbox 557 1424 597 1473; x_wconf 88' lang='lat' dir='ltr'>est</span> <span class='ocrx_word' id='word_1_48' title='bbox 614 1420 769 1485; x_wconf 78' lang='lat' dir='ltr'>levissima),</span> <span class='ocrx_word' id='word_1_49' title='bbox 793 1420 888 1488; x_wconf 90' lang='lat' dir='ltr'>optima</span> <span class='ocrx_word' id='word_1_50' title='bbox 905 1419 1014 1472; x_wconf 82' lang='lat' dir='ltr'>efficitur</span> <span class='ocrx_word' id='word_1_51' title='bbox 1038 1420 1172 1472; x_wconf 85' lang='lat' dir='ltr'>sententia.</span> <span class='ocrx_word' id='word_1_52' title='bbox 1208 1418 1288 1473; x_wconf 84' lang='lat' dir='ltr'>Sica</span> <span class='ocrx_word' id='word_1_53' title='bbox 1305 1421 1332 1488; x_wconf 90' lang='lat' dir='ltr'>(i.</span> <span class='ocrx_word' id='word_1_54' title='bbox 1351 1436 1373 1473; x_wconf 91' lang='lat' dir='ltr'>e.</span> 
     </span>
     <span class='ocr_line' id='line_1_8' title="bbox 205 1503 1374 1573; baseline -0.001 -14"><span class='ocrx_word' id='word_1_55' title='bbox 205 1504 404 1570; x_wconf 84' lang='lat' dir='ltr'>Alexandriam,</span> <span class='ocrx_word' id='word_1_56' title='bbox 427 1504 459 1556; x_wconf 89' lang='lat' dir='ltr'>ad</span> <span class='ocrx_word' id='word_1_57' title='bbox 482 1504 509 1556; x_wconf 94' lang='lat' dir='ltr'>id</span> <span class='ocrx_word' id='word_1_58' title='bbox 532 1505 649 1572; x_wconf 87' lang='lat' dir='ltr'>regnum)</span> <span class='ocrx_word' id='word_1_59' title='bbox 673 1520 740 1556; x_wconf 90' lang='lat' dir='ltr'>anuo</span> <span class='ocrx_word' id='word_1_60' title='bbox 759 1505 791 1559; x_wconf 78' lang='lat'>65</span> <span class='ocrx_word' id='word_1_61' title='bbox 811 1520 834 1556; x_wconf 87' lang='lat' dir='ltr'>a.</span> <span class='ocrx_word' id='word_1_62' title='bbox 853 1503 911 1557; x_wconf 77' lang='lat' dir='ltr'>Chr.</span> <span class='ocrx_word' id='word_1_63' title='bbox 935 1504 1029 1573; x_wconf 80' lang='lat' dir='ltr'>rapide</span> <span class='ocrx_word' id='word_1_64' title='bbox 1051 1504 1214 1556; x_wconf 86' lang='lat' dir='ltr'>tetenderant</span> <span class='ocrx_word' id='word_1_65' title='bbox 1230 1505 1288 1569; x_wconf 88' lang='lat' dir='ltr'>(hoc</span> <span class='ocrx_word' id='word_1_66' title='bbox 1305 1507 1374 1558; x_wconf 92' lang='lat' dir='ltr'>enim</span> 
     </span>
     <span class='ocr_line' id='line_1_9' title="bbox 204 1590 1375 1659; baseline -0.001 -14"><span class='ocrx_word' id='word_1_67' title='bbox 204 1592 387 1645; x_wconf 70' lang='lat' dir='ltr'>videturesse</span> <span class='ocrx_word' id='word_1_68' title='bbox 404 1592 519 1654; x_wconf 85' lang='lat' dir='ltr'>currere)</span> <span class='ocrx_word' id='word_1_69' title='bbox 536 1591 577 1643; x_wconf 87' lang='lat' dir='ltr'>rel</span> <span class='ocrx_word' id='word_1_70' title='bbox 596 1608 651 1642; x_wconf 84' lang='lat' dir='ltr'>rurn</span> <span class='ocrx_word' id='word_1_71' title='bbox 671 1607 699 1643; x_wconf 90' lang='lat' dir='ltr'>eo</span> <span class='ocrx_word' id='word_1_72' title='bbox 712 1590 805 1659; x_wconf 85' lang='lat' dir='ltr'>arrpide</span> <span class='ocrx_word' id='word_1_73' title='bbox 824 1590 985 1653; x_wconf 80' lang='lat' dir='ltr'>tetenderint,</span> <span class='ocrx_word' id='word_1_74' title='bbox 1004 1606 1051 1643; x_wconf 80' lang='lat' dir='ltr'>ear</span> <span class='ocrx_word' id='word_1_75' title='bbox 1062 1608 1131 1643; x_wconf 76' lang='lat' dir='ltr'>eirene</span> <span class='ocrx_word' id='word_1_76' title='bbox 1150 1591 1228 1643; x_wconf 85' lang='lat' dir='ltr'>aliter</span> <span class='ocrx_word' id='word_1_77' title='bbox 1243 1591 1375 1659; x_wconf 80' lang='lat' dir='ltr'>repr&#39;anern</span> 
     </span>
     <span class='ocr_line' id='line_1_10' title="bbox 204 1675 1374 1747; baseline -0.001 -17"><span class='ocrx_word' id='word_1_78' title='bbox 204 1678 285 1731; x_wconf 75' lang='lat' dir='ltr'>illam</span> <span class='ocrx_word' id='word_1_79' title='bbox 304 1676 455 1747; x_wconf 79' lang='lat' dir='ltr'>petienrnti</span> <span class='ocrx_word' id='word_1_80' title='bbox 496 1675 653 1743; x_wconf 74' lang='lat' dir='ltr'>scripsimus</span> <span class='ocrx_word' id='word_1_81' title='bbox 678 1679 762 1727; x_wconf 90' lang='lat' dir='ltr'>autem</span> <span class='ocrx_word' id='word_1_82' title='bbox 789 1683 819 1727; x_wconf 89' lang='lat' dir='ltr'>at</span> <span class='ocrx_word' id='word_1_83' title='bbox 840 1682 906 1739; x_wconf 81' lang='lat' dir='ltr'>turn,</span> <span class='ocrx_word' id='word_1_84' title='bbox 930 1676 979 1728; x_wconf 87' lang='lat' dir='ltr'>etsi</span> <span class='ocrx_word' id='word_1_85' title='bbox 1006 1676 1144 1728; x_wconf 88' lang='lat' dir='ltr'>auctoritas</span> <span class='ocrx_word' id='word_1_86' title='bbox 1167 1676 1283 1730; x_wconf 89' lang='lat' dir='ltr'>codicum</span> <span class='ocrx_word' id='word_1_87' title='bbox 1304 1677 1374 1731; x_wconf 87' lang='lat' dir='ltr'>haud</span> 
     </span>
     <span class='ocr_line' id='line_1_11' title="bbox 206 1761 1375 1831; baseline 0.002 -16"><span class='ocrx_word' id='word_1_88' title='bbox 206 1762 290 1815; x_wconf 87' lang='lat' dir='ltr'>dubie</span> <span class='ocrx_word' id='word_1_89' title='bbox 320 1762 481 1816; x_wconf 88' lang='lat' dir='ltr'>commendat</span> <span class='ocrx_word' id='word_1_90' title='bbox 509 1770 539 1815; x_wconf 89' lang='lat' dir='ltr'>at</span> <span class='ocrx_word' id='word_1_91' title='bbox 568 1780 640 1826; x_wconf 75' lang='lat' dir='ltr'>euni,</span> <span class='ocrx_word' id='word_1_92' title='bbox 678 1761 724 1814; x_wconf 92' lang='lat' dir='ltr'>sed</span> <span class='ocrx_word' id='word_1_93' title='bbox 753 1762 891 1830; x_wconf 83' lang='lat' dir='ltr'>respondet</span> <span class='ocrx_word' id='word_1_94' title='bbox 921 1763 944 1814; x_wconf 92' lang='lat' dir='ltr'>ei</span> <span class='ocrx_word' id='word_1_95' title='bbox 974 1761 1044 1831; x_wconf 90' lang='lat' dir='ltr'>quod</span> <span class='ocrx_word' id='word_1_96' title='bbox 1068 1762 1197 1816; x_wconf 81' lang='lat' dir='ltr'>antecedit</span> <span class='ocrx_word' id='word_1_97' title='bbox 1225 1770 1256 1815; x_wconf 87' lang='lat' dir='ltr'>at</span> <span class='ocrx_word' id='word_1_98' title='bbox 1284 1771 1375 1829; x_wconf 88' lang='lat' dir='ltr'>antea,</span> 
     </span>
     <span class='ocr_line' id='line_1_12' title="bbox 206 1847 1374 1917; baseline 0.002 -16"><span class='ocrx_word' id='word_1_99' title='bbox 206 1848 405 1917; x_wconf 87' lang='lat' dir='ltr'>debuerantque</span> <span class='ocrx_word' id='word_1_100' title='bbox 428 1848 454 1900; x_wconf 94' lang='lat' dir='ltr'>id</span> <span class='ocrx_word' id='word_1_101' title='bbox 477 1848 555 1901; x_wconf 88' lang='lat' dir='ltr'>etiam</span> <span class='ocrx_word' id='word_1_102' title='bbox 580 1849 623 1916; x_wconf 90' lang='lat' dir='ltr'>qui</span> <span class='ocrx_word' id='word_1_103' title='bbox 650 1847 871 1915; x_wconf 84' lang='lat' dir='ltr'>interpolationem</span> <span class='ocrx_word' id='word_1_104' title='bbox 897 1848 966 1901; x_wconf 90' lang='lat' dir='ltr'>illam</span> <span class='ocrx_word' id='word_1_105' title='bbox 989 1848 1135 1901; x_wconf 89' lang='lat' dir='ltr'>retinebant</span> <span class='ocrx_word' id='word_1_106' title='bbox 1155 1849 1266 1902; x_wconf 87' lang='lat' dir='ltr'>editores</span> <span class='ocrx_word' id='word_1_107' title='bbox 1290 1866 1374 1904; x_wconf 89' lang='lat' dir='ltr'>emen·</span> 
     </span>
     <span class='ocr_line' id='line_1_13' title="bbox 207 1924 1453 2004; baseline 0.002 -18"><span class='ocrx_word' id='word_1_108' title='bbox 207 1934 289 1987; x_wconf 83' lang='lat' dir='ltr'>dare:</span> <span class='ocrx_word' id='word_1_109' title='bbox 324 1934 401 1987; x_wconf 90' lang='lat' dir='ltr'>adeo·</span> <span class='ocrx_word' id='word_1_110' title='bbox 416 1934 490 1987; x_wconf 85' lang='lat' dir='ltr'>facile</span> <span class='ocrx_word' id='word_1_111' title='bbox 522 1951 578 1986; x_wconf 82' lang='lat' dir='ltr'>cunr</span> <span class='ocrx_word' id='word_1_112' title='bbox 607 1938 634 1986; x_wconf 92' lang='lat' dir='ltr'>et</span> <span class='ocrx_word' id='word_1_113' title='bbox 661 1941 713 1986; x_wconf 83' lang='lat' dir='ltr'>tarn</span> <span class='ocrx_word' id='word_1_114' title='bbox 740 1938 924 2002; x_wconf 83' lang='lat' dir='ltr'>permutantur.</span> <span class='ocrx_word' id='word_1_115' title='bbox 960 1933 1011 1986; x_wconf 81' lang='lat' dir='ltr'>Sed</span> <span class='ocrx_word' id='word_1_116' title='bbox 1035 1935 1103 2002; x_wconf 93' lang='lat' dir='ltr'>quod</span> <span class='ocrx_word' id='word_1_117' title='bbox 1126 1934 1246 2004; x_wconf 78' lang='lat' dir='ltr'>deinceps</span> <span class='ocrx_word' id='word_1_118' title='bbox 1269 1937 1375 2004; x_wconf 88' lang='lat' dir='ltr'>san&#39;psi-</span> <span class='ocrx_word' id='word_1_119' title='bbox 1449 1924 1453 1931; x_wconf 53' lang='lat'><strong>¹</strong></span> 
     </span>
     <span class='ocr_line' id='line_1_14' title="bbox 205 2016 1375 2090; baseline -0.002 -15"><span class='ocrx_word' id='word_1_120' title='bbox 205 2036 268 2075; x_wconf 86' lang='lat' dir='ltr'>mus</span> <span class='ocrx_word' id='word_1_121' title='bbox 299 2036 332 2075; x_wconf 88' lang='lat' dir='ltr'>ex</span> <span class='ocrx_word' id='word_1_122' title='bbox 367 2021 479 2075; x_wconf 90' lang='lat' dir='ltr'>omnium</span> <span class='ocrx_word' id='word_1_123' title='bbox 509 2021 632 2075; x_wconf 87' lang='lat' dir='ltr'>librorum</span> <span class='ocrx_word' id='word_1_124' title='bbox 661 2016 709 2074; x_wconf 81' lang='lat' dir='ltr'>rds.</span> <span class='ocrx_word' id='word_1_125' title='bbox 743 2022 894 2074; x_wconf 84' lang='lat' dir='ltr'>auctoritate</span> <span class='ocrx_word' id='word_1_126' title='bbox 924 2021 1025 2074; x_wconf 84' lang='lat' dir='ltr'>decreto</span> <span class='ocrx_word' id='word_1_127' title='bbox 1059 2028 1085 2073; x_wconf 89' lang='lat' dir='ltr'>et</span> <span class='ocrx_word' id='word_1_128' title='bbox 1109 2021 1214 2089; x_wconf 83' lang='lat' dir='ltr'>palam,</span> <span class='ocrx_word' id='word_1_129' title='bbox 1244 2020 1375 2090; x_wconf 86' lang='lat' dir='ltr'>displicuit</span> 
     </span>
     <span class='ocr_line' id='line_1_15' title="bbox 205 2106 1375 2177; baseline -0.001 -16"><span class='ocrx_word' id='word_1_130' title='bbox 205 2106 272 2161; x_wconf 90' lang='lat' dir='ltr'>olim</span> <span class='ocrx_word' id='word_1_131' title='bbox 300 2106 465 2174; x_wconf 85' lang='lat' dir='ltr'>Lauredano,</span> <span class='ocrx_word' id='word_1_132' title='bbox 492 2108 624 2177; x_wconf 90' lang='lat' dir='ltr'>displicuit</span> <span class='ocrx_word' id='word_1_133' title='bbox 651 2109 728 2162; x_wconf 91' lang='lat' dir='ltr'>etiam</span> <span class='ocrx_word' id='word_1_134' title='bbox 753 2108 882 2176; x_wconf 89' lang='lat' dir='ltr'>plerisque</span> <span class='ocrx_word' id='word_1_135' title='bbox 912 2106 1081 2160; x_wconf 88' lang='lat' dir='ltr'>recentiorum</span> <span class='ocrx_word' id='word_1_136' title='bbox 1111 2106 1238 2159; x_wconf 89' lang='lat' dir='ltr'>editorum</span> <span class='ocrx_word' id='word_1_137' title='bbox 1264 2108 1375 2175; x_wconf 87' lang='lat' dir='ltr'>scripse·</span> 
     </span>
     <span class='ocr_line' id='line_1_16' title="bbox 204 2192 1375 2263; baseline -0.003 -16"><span class='ocrx_word' id='word_1_138' title='bbox 204 2194 322 2261; x_wconf 84' lang='lat' dir='ltr'>runtqne</span> <span class='ocrx_word' id='word_1_139' title='bbox 339 2192 437 2247; x_wconf 85' lang='lat' dir='ltr'>directa</span> <span class='ocrx_word' id='word_1_140' title='bbox 461 2202 487 2247; x_wconf 91' lang='lat' dir='ltr'>et</span> <span class='ocrx_word' id='word_1_141' title='bbox 498 2195 599 2263; x_wconf 85' lang='lat' dir='ltr'>palanr,</span> <span class='ocrx_word' id='word_1_142' title='bbox 621 2198 795 2262; x_wconf 84' lang='lat' dir='ltr'>pervertentes</span> <span class='ocrx_word' id='word_1_143' title='bbox 817 2192 978 2247; x_wconf 89' lang='lat' dir='ltr'>sententiam.</span> <span class='ocrx_word' id='word_1_144' title='bbox 1019 2192 1087 2245; x_wconf 90' lang='lat' dir='ltr'>Nam</span> <span class='ocrx_word' id='word_1_145' title='bbox 1110 2192 1211 2246; x_wconf 82' lang='lat' dir='ltr'>decreta</span> <span class='ocrx_word' id='word_1_146' title='bbox 1228 2199 1318 2263; x_wconf 87' lang='lat' dir='ltr'>petere</span> <span class='ocrx_word' id='word_1_147' title='bbox 1335 2197 1375 2247; x_wconf 87' lang='lat' dir='ltr'>est</span> 
     </span>
     <span class='ocr_line' id='line_1_17' title="bbox 205 2279 1375 2349; baseline 0 -17"><span class='ocrx_word' id='word_1_148' title='bbox 205 2282 300 2349; x_wconf 84' lang='lat' dir='ltr'>petere</span> <span class='ocrx_word' id='word_1_149' title='bbox 317 2283 348 2333; x_wconf 88' lang='lat' dir='ltr'>nt</span> <span class='ocrx_word' id='word_1_150' title='bbox 365 2279 467 2334; x_wconf 89' lang='lat' dir='ltr'>decreto</span> <span class='ocrx_word' id='word_1_151' title='bbox 486 2280 560 2333; x_wconf 90' lang='lat' dir='ltr'>detur</span> <span class='ocrx_word' id='word_1_152' title='bbox 574 2280 709 2349; x_wconf 78' lang='lat' dir='ltr'>Aegyptus</span> <span class='ocrx_word' id='word_1_153' title='bbox 728 2280 870 2348; x_wconf 76' lang='lat' dir='ltr'>provincia,</span> <span class='ocrx_word' id='word_1_154' title='bbox 888 2283 917 2332; x_wconf 91' lang='lat' dir='ltr'>ut</span> <span class='ocrx_word' id='word_1_155' title='bbox 934 2279 1085 2332; x_wconf 84' lang='lat' dir='ltr'>decernatur</span> <span class='ocrx_word' id='word_1_156' title='bbox 1102 2280 1243 2348; x_wconf 83' lang='lat' dir='ltr'>provincia,</span> <span class='ocrx_word' id='word_1_157' title='bbox 1260 2280 1375 2349; x_wconf 75' lang='lat' dir='ltr'>proprie</span> 
     </span>
     <span class='ocr_line' id='line_1_18' title="bbox 204 2362 1373 2436; baseline 0 -19"><span class='ocrx_word' id='word_1_158' title='bbox 204 2380 259 2433; x_wconf 87' lang='lat' dir='ltr'>qne</span> <span class='ocrx_word' id='word_1_159' title='bbox 277 2365 306 2418; x_wconf 92' lang='lat' dir='ltr'>in</span> <span class='ocrx_word' id='word_1_160' title='bbox 323 2366 471 2435; x_wconf 81' lang='lat' dir='ltr'>provinciis,</span> <span class='ocrx_word' id='word_1_161' title='bbox 488 2383 552 2436; x_wconf 91' lang='lat' dir='ltr'>quas</span> <span class='ocrx_word' id='word_1_162' title='bbox 571 2367 717 2435; x_wconf 82' lang='lat' dir='ltr'>accipimus,</span> <span class='ocrx_word' id='word_1_163' title='bbox 736 2366 836 2419; x_wconf 85' lang='lat' dir='ltr'>dicitur.</span> <span class='ocrx_word' id='word_1_164' title='bbox 865 2364 982 2434; x_wconf 84' lang='lat' dir='ltr'>Apparet</span> <span class='ocrx_word' id='word_1_165' title='bbox 998 2362 1094 2434; x_wconf 85' lang='lat' dir='ltr'>igitur,¹</span> <span class='ocrx_word' id='word_1_166' title='bbox 1105 2365 1168 2434; x_wconf 89' lang='lat' dir='ltr'>quid</span> <span class='ocrx_word' id='word_1_167' title='bbox 1183 2365 1253 2418; x_wconf 86' lang='lat' dir='ltr'>dicat</span> <span class='ocrx_word' id='word_1_168' title='bbox 1270 2364 1373 2419; x_wconf 79' lang='lat' dir='ltr'>Cicero:</span> 
     </span>
     <span class='ocr_line' id='line_1_19' title="bbox 205 2450 1374 2522; baseline 0.003 -20"><span class='ocrx_word' id='word_1_169' title='bbox 205 2450 315 2504; x_wconf 90' lang='lat' dir='ltr'>biennio</span> <span class='ocrx_word' id='word_1_170' title='bbox 337 2455 397 2505; x_wconf 85' lang='lat' dir='ltr'>aute</span> <span class='ocrx_word' id='word_1_171' title='bbox 417 2453 555 2522; x_wconf 85' lang='lat' dir='ltr'>populares</span> <span class='ocrx_word' id='word_1_172' title='bbox 578 2468 683 2521; x_wconf 88' lang='lat' dir='ltr'>operam</span> <span class='ocrx_word' id='word_1_173' title='bbox 706 2452 842 2516; x_wconf 89' lang='lat' dir='ltr'>dederant,</span> <span class='ocrx_word' id='word_1_174' title='bbox 865 2455 894 2504; x_wconf 88' lang='lat' dir='ltr'>ut</span> <span class='ocrx_word' id='word_1_175' title='bbox 916 2451 1067 2504; x_wconf 88' lang='lat' dir='ltr'>nominatim</span> <span class='ocrx_word' id='word_1_176' title='bbox 1091 2451 1142 2504; x_wconf 90' lang='lat' dir='ltr'>sibi</span> <span class='ocrx_word' id='word_1_177' title='bbox 1159 2451 1294 2520; x_wconf 77' lang='lat' dir='ltr'>Aegyptus</span> <span class='ocrx_word' id='word_1_178' title='bbox 1315 2468 1374 2520; x_wconf 91' lang='lat' dir='ltr'>pro·</span> 
     </span>
     <span class='ocr_line' id='line_1_20' title="bbox 203 2536 1374 2606; baseline 0.001 -17"><span class='ocrx_word' id='word_1_179' title='bbox 203 2536 295 2590; x_wconf 80' lang='lat' dir='ltr'>vincia</span> <span class='ocrx_word' id='word_1_180' title='bbox 313 2537 506 2603; x_wconf 86' lang='lat' dir='ltr'>decerneretur,</span> <span class='ocrx_word' id='word_1_181' title='bbox 529 2555 596 2592; x_wconf 87' lang='lat' dir='ltr'>nunc</span> <span class='ocrx_word' id='word_1_182' title='bbox 613 2555 670 2591; x_wconf 91' lang='lat' dir='ltr'>eam</span> <span class='ocrx_word' id='word_1_183' title='bbox 689 2556 745 2592; x_wconf 82' lang='lat' dir='ltr'>rum</span> <span class='ocrx_word' id='word_1_184' title='bbox 768 2554 820 2591; x_wconf 93' lang='lat' dir='ltr'>uon</span> <span class='ocrx_word' id='word_1_185' title='bbox 843 2538 1014 2602; x_wconf 89' lang='lat' dir='ltr'>nominarint,</span> <span class='ocrx_word' id='word_1_186' title='bbox 1037 2539 1085 2590; x_wconf 90' lang='lat' dir='ltr'>sub</span> <span class='ocrx_word' id='word_1_187' title='bbox 1108 2538 1194 2591; x_wconf 83' lang='lat' dir='ltr'>verbis</span> <span class='ocrx_word' id='word_1_188' title='bbox 1210 2538 1276 2606; x_wconf 87' lang='lat' dir='ltr'>legis</span> <span class='ocrx_word' id='word_1_189' title='bbox 1293 2537 1374 2590; x_wconf 90' lang='lat' dir='ltr'>latere</span> 
     </span>
     <span class='ocr_line' id='line_1_21' title="bbox 205 2622 1374 2695; baseline -0.001 -18"><span class='ocrx_word' id='word_1_190' title='bbox 205 2622 354 2677; x_wconf 82' lang='lat' dir='ltr'>voluerunt</span> <span class='ocrx_word' id='word_1_191' title='bbox 388 2624 505 2695; x_wconf 83' lang='lat' dir='ltr'>Respicit</span> <span class='ocrx_word' id='word_1_192' title='bbox 523 2628 607 2678; x_wconf 91' lang='lat' dir='ltr'>autern</span> <span class='ocrx_word' id='word_1_193' title='bbox 626 2625 659 2678; x_wconf 92' lang='lat' dir='ltr'>ad</span> <span class='ocrx_word' id='word_1_194' title='bbox 676 2625 754 2690; x_wconf 92' lang='lat' dir='ltr'>illud,</span> <span class='ocrx_word' id='word_1_195' title='bbox 773 2625 842 2694; x_wconf 90' lang='lat' dir='ltr'>quod</span> <span class='ocrx_word' id='word_1_196' title='bbox 860 2624 931 2677; x_wconf 87' lang='lat' dir='ltr'>Suet.</span> <span class='ocrx_word' id='word_1_197' title='bbox 951 2625 981 2677; x_wconf 89' lang='lat' dir='ltr'>li</span> <span class='ocrx_word' id='word_1_198' title='bbox 1002 2625 1034 2677; x_wconf 90' lang='lat' dir='ltr'>de</span> <span class='ocrx_word' id='word_1_199' title='bbox 1053 2624 1163 2678; x_wconf 78' lang='lat' dir='ltr'>Caesare</span> <span class='ocrx_word' id='word_1_200' title='bbox 1180 2628 1280 2677; x_wconf 83' lang='lat' dir='ltr'>narrat:</span> <span class='ocrx_word' id='word_1_201' title='bbox 1309 2622 1374 2677; x_wconf 86' lang='lat' dir='ltr'>Can-</span> 
     </span>
     <span class='ocr_line' id='line_1_22' title="bbox 205 2710 1374 2781; baseline 0 -19"><span class='ocrx_word' id='word_1_202' title='bbox 205 2710 302 2763; x_wconf 83' lang='lat' dir='ltr'>ailr&#39;ato</span> <span class='ocrx_word' id='word_1_203' title='bbox 316 2712 411 2780; x_wconf 84' lang='lat' dir='ltr'>papali</span> <span class='ocrx_word' id='word_1_204' title='bbox 421 2711 517 2780; x_wconf 84' lang='lat' dir='ltr'>farore</span> <span class='ocrx_word' id='word_1_205' title='bbox 535 2713 670 2780; x_wconf 75' lang='lat' dir='ltr'>temptabit</span> <span class='ocrx_word' id='word_1_206' title='bbox 683 2728 734 2781; x_wconf 87' lang='lat' dir='ltr'>per</span> <span class='ocrx_word' id='word_1_207' title='bbox 748 2718 851 2780; x_wconf 85' lang='lat' dir='ltr'>partenr</span> <span class='ocrx_word' id='word_1_208' title='bbox 870 2711 1038 2774; x_wconf 77' lang='lat' dir='ltr'>tribunoruin,</span> <span class='ocrx_word' id='word_1_209' title='bbox 1055 2717 1086 2763; x_wconf 90' lang='lat' dir='ltr'>at</span> <span class='ocrx_word' id='word_1_210' title='bbox 1102 2710 1153 2762; x_wconf 83' lang='lat' dir='ltr'>sibi</span> <span class='ocrx_word' id='word_1_211' title='bbox 1162 2710 1297 2778; x_wconf 72' lang='lat' dir='ltr'>Aegyptus</span> <span class='ocrx_word' id='word_1_212' title='bbox 1310 2726 1374 2778; x_wconf 90' lang='lat' dir='ltr'>pro-</span> 
     </span>
     <span class='ocr_line' id='line_1_23' title="bbox 205 2794 1374 2867; baseline 0 -20"><span class='ocrx_word' id='word_1_213' title='bbox 205 2796 299 2849; x_wconf 85' lang='lat' dir='ltr'>vincia</span> <span class='ocrx_word' id='word_1_214' title='bbox 314 2796 450 2866; x_wconf 79' lang='lat' dir='ltr'>plebiscita</span> <span class='ocrx_word' id='word_1_215' title='bbox 468 2798 575 2851; x_wconf 89' lang='lat' dir='ltr'>daretur</span> <span class='ocrx_word' id='word_1_216' title='bbox 593 2828 626 2836; x_wconf 89' lang='lat'>—</span> <span class='ocrx_word' id='word_1_217' title='bbox 648 2815 695 2852; x_wconf 87' lang='lat' dir='ltr'>nee</span> <span class='ocrx_word' id='word_1_218' title='bbox 713 2798 823 2851; x_wconf 82' lang='lat' dir='ltr'>adtira-it</span> <span class='ocrx_word' id='word_1_219' title='bbox 844 2798 999 2850; x_wconf 84' lang='lat' dir='ltr'>adrersante</span> <span class='ocrx_word' id='word_1_220' title='bbox 1021 2797 1184 2867; x_wconf 85' lang='lat' dir='ltr'>optimatium</span> <span class='ocrx_word' id='word_1_221' title='bbox 1195 2794 1320 2863; x_wconf 82' lang='lat' dir='ltr'>sartione.</span> <span class='ocrx_word' id='word_1_222' title='bbox 1339 2822 1374 2831; x_wconf 91' lang='lat'>—</span> 
     </span>
     <span class='ocr_line' id='line_1_24' title="bbox 205 2880 1374 2953; baseline -0.001 -20"><span class='ocrx_word' id='word_1_223' title='bbox 205 2880 267 2945; x_wconf 86' lang='lat' dir='ltr'>An,</span> <span class='ocrx_word' id='word_1_224' title='bbox 287 2880 415 2947; x_wconf 68' lang='lat' dir='ltr'>Quataa</span> <span class='ocrx_word' id='word_1_225' title='bbox 433 2885 462 2938; x_wconf 81' lang='lat' dir='ltr'>ii.</span> <span class='ocrx_word' id='word_1_226' title='bbox 498 2884 605 2938; x_wconf 83' lang='lat' dir='ltr'>Codices</span> <span class='ocrx_word' id='word_1_227' title='bbox 630 2901 718 2939; x_wconf 89' lang='lat' dir='ltr'>ornnes</span> <span class='ocrx_word' id='word_1_228' title='bbox 741 2886 838 2938; x_wconf 91' lang='lat' dir='ltr'>habent</span> <span class='ocrx_word' id='word_1_229' title='bbox 861 2903 895 2937; x_wconf 91' lang='lat' dir='ltr'>an</span> <span class='ocrx_word' id='word_1_230' title='bbox 919 2885 1077 2953; x_wconf 75' lang='lat' dir='ltr'>quietistis,</span> <span class='ocrx_word' id='word_1_231' title='bbox 1104 2883 1174 2952; x_wconf 89' lang='lat' dir='ltr'>quod</span> <span class='ocrx_word' id='word_1_232' title='bbox 1196 2881 1253 2950; x_wconf 91' lang='lat' dir='ltr'>quis</span> <span class='ocrx_word' id='word_1_233' title='bbox 1272 2880 1374 2933; x_wconf 85' lang='lat' dir='ltr'>dubitat</span> 
     </span>
     <span class='ocr_line' id='line_1_25' title="bbox 204 2965 1372 3037; baseline 0 -19"><span class='ocrx_word' id='word_1_234' title='bbox 204 2966 270 3034; x_wconf 88' lang='lat' dir='ltr'>quin</span> <span class='ocrx_word' id='word_1_235' title='bbox 288 2966 373 3034; x_wconf 85' lang='lat' dir='ltr'>possit</span> <span class='ocrx_word' id='word_1_236' title='bbox 389 2967 499 3037; x_wconf 88' lang='lat' dir='ltr'>intelligi</span> <span class='ocrx_word' id='word_1_237' title='bbox 517 2986 573 3021; x_wconf 75' lang='lat' dir='ltr'>aunt</span> <span class='ocrx_word' id='word_1_238' title='bbox 592 2969 727 3036; x_wconf 86' lang='lat' dir='ltr'>quieseant</span> <span class='ocrx_word' id='word_1_239' title='bbox 744 2969 784 3020; x_wconf 78' lang='lat' dir='ltr'>ii?</span> <span class='ocrx_word' id='word_1_240' title='bbox 811 2969 862 3021; x_wconf 87' lang='lat' dir='ltr'>Sed</span> <span class='ocrx_word' id='word_1_241' title='bbox 880 2970 918 3020; x_wconf 88' lang='lat' dir='ltr'>ita</span> <span class='ocrx_word' id='word_1_242' title='bbox 936 2969 1028 3022; x_wconf 91' lang='lat' dir='ltr'>falsum</span> <span class='ocrx_word' id='word_1_243' title='bbox 1047 2971 1164 3020; x_wconf 85' lang='lat' dir='ltr'>narraret</span> <span class='ocrx_word' id='word_1_244' title='bbox 1180 2966 1276 3020; x_wconf 84' lang='lat' dir='ltr'>Gicera.</span> <span class='ocrx_word' id='word_1_245' title='bbox 1305 2965 1372 3019; x_wconf 86' lang='lat' dir='ltr'>Nam</span> 
     </span>
     <span class='ocr_line' id='line_1_26' title="bbox 204 3050 1372 3123; baseline 0 -19"><span class='ocrx_word' id='word_1_246' title='bbox 204 3050 286 3105; x_wconf 86' lang='lat' dir='ltr'>iidem</span> <span class='ocrx_word' id='word_1_247' title='bbox 305 3052 420 3107; x_wconf 83' lang='lat' dir='ltr'>homiues</span> <span class='ocrx_word' id='word_1_248' title='bbox 438 3057 464 3106; x_wconf 90' lang='lat' dir='ltr'>et</span> <span class='ocrx_word' id='word_1_249' title='bbox 477 3069 543 3107; x_wconf 90' lang='lat' dir='ltr'>anuo</span> <span class='ocrx_word' id='word_1_250' title='bbox 562 3054 595 3107; x_wconf 81' lang='lat'>65</span> <span class='ocrx_word' id='word_1_251' title='bbox 609 3054 755 3122; x_wconf 85' lang='lat' dir='ltr'>Aegyptum</span> <span class='ocrx_word' id='word_1_252' title='bbox 773 3055 903 3123; x_wconf 89' lang='lat' dir='ltr'>petierant</span> <span class='ocrx_word' id='word_1_253' title='bbox 920 3058 946 3107; x_wconf 89' lang='lat' dir='ltr'>et</span> <span class='ocrx_word' id='word_1_254' title='bbox 965 3059 1024 3108; x_wconf 84' lang='lat' dir='ltr'>tunc</span> <span class='ocrx_word' id='word_1_255' title='bbox 1037 3054 1159 3107; x_wconf 81' lang='lat' dir='ltr'>Cicerone</span> <span class='ocrx_word' id='word_1_256' title='bbox 1171 3070 1223 3107; x_wconf 85' lang='lat' dir='ltr'>cos.</span> <span class='ocrx_word' id='word_1_257' title='bbox 1241 3053 1372 3123; x_wconf 89' lang='lat' dir='ltr'>petebant,</span> 
     </span>
     <span class='ocr_line' id='line_1_27' title="bbox 203 3137 1373 3210; baseline -0.002 -18"><span class='ocrx_word' id='word_1_258' title='bbox 203 3138 286 3208; x_wconf 87' lang='lat' dir='ltr'>idque</span> <span class='ocrx_word' id='word_1_259' title='bbox 309 3156 366 3192; x_wconf 87' lang='lat' dir='ltr'>cum</span> <span class='ocrx_word' id='word_1_260' title='bbox 389 3156 421 3193; x_wconf 80' lang='lat' dir='ltr'>ex</span> <span class='ocrx_word' id='word_1_261' title='bbox 444 3141 477 3193; x_wconf 92' lang='lat' dir='ltr'>iis</span> <span class='ocrx_word' id='word_1_262' title='bbox 500 3156 565 3210; x_wconf 89' lang='lat' dir='ltr'>quae</span> <span class='ocrx_word' id='word_1_263' title='bbox 589 3140 755 3204; x_wconf 89' lang='lat' dir='ltr'>antecedunt,</span> <span class='ocrx_word' id='word_1_264' title='bbox 778 3143 832 3193; x_wconf 88' lang='lat' dir='ltr'>tum</span> <span class='ocrx_word' id='word_1_265' title='bbox 858 3156 891 3193; x_wconf 86' lang='lat' dir='ltr'>ex</span> <span class='ocrx_word' id='word_1_266' title='bbox 915 3144 979 3194; x_wconf 90' lang='lat' dir='ltr'>orat.</span> <span class='ocrx_word' id='word_1_267' title='bbox 997 3141 1018 3205; x_wconf 93' lang='lat' dir='ltr'>l,</span> <span class='ocrx_word' id='word_1_268' title='bbox 1039 3143 1052 3194; x_wconf 96' lang='lat' dir='ltr'>l</span> <span class='ocrx_word' id='word_1_269' title='bbox 1076 3140 1240 3209; x_wconf 80' lang='lat' dir='ltr'>intelligitur:</span> <span class='ocrx_word' id='word_1_270' title='bbox 1267 3137 1373 3191; x_wconf 79' lang='lat' dir='ltr'>Debitio</span> 
     </span>
     <span class='ocr_line' id='line_1_28' title="bbox 204 3224 1373 3298; baseline 0 -22"><span class='ocrx_word' id='word_1_271' title='bbox 204 3225 292 3293; x_wconf 75' lang='lat' dir='ltr'>iaitrrr</span> <span class='ocrx_word' id='word_1_272' title='bbox 309 3226 498 3280; x_wconf 74' lang='lat' dir='ltr'>Alexandriam</span> <span class='ocrx_word' id='word_1_273' title='bbox 518 3229 582 3280; x_wconf 78' lang='lat' dir='ltr'>elain</span> <span class='ocrx_word' id='word_1_274' title='bbox 600 3227 745 3297; x_wconf 84' lang='lat' dir='ltr'>petentibus</span> <span class='ocrx_word' id='word_1_275' title='bbox 763 3229 805 3292; x_wconf 82' lang='lat' dir='ltr'>iis,</span> <span class='ocrx_word' id='word_1_276' title='bbox 823 3229 915 3296; x_wconf 79' lang='lat' dir='ltr'>paribus</span> <span class='ocrx_word' id='word_1_277' title='bbox 928 3230 1089 3298; x_wconf 84' lang='lat' dir='ltr'>apertissime</span> <span class='ocrx_word' id='word_1_278' title='bbox 1105 3225 1282 3298; x_wconf 71' lang='lat' dir='ltr'>pugnantibus</span> <span class='ocrx_word' id='word_1_279' title='bbox 1298 3224 1373 3278; x_wconf 85' lang='lat' dir='ltr'>reati·</span> 
     </span>
     <span class='ocr_line' id='line_1_29' title="bbox 205 3303 1374 3381; baseline 0.003 -21"><span class='ocrx_word' id='word_1_280' title='bbox 205 3308 299 3361; x_wconf 72' lang='lat' dir='ltr'>tiaris?</span> <span class='ocrx_word' id='word_1_281' title='bbox 340 3310 425 3375; x_wconf 85' lang='lat' dir='ltr'>Quare</span> <span class='ocrx_word' id='word_1_282' title='bbox 447 3311 579 3380; x_wconf 89' lang='lat' dir='ltr'>ingeniose</span> <span class='ocrx_word' id='word_1_283' title='bbox 606 3312 666 3364; x_wconf 92' lang='lat' dir='ltr'>olim</span> <span class='ocrx_word' id='word_1_284' title='bbox 691 3311 842 3366; x_wconf 89' lang='lat' dir='ltr'>Guilelmius</span> <span class='ocrx_word' id='word_1_285' title='bbox 867 3303 977 3366; x_wconf 72' lang='lat' dir='ltr'>doniecit</span> <span class='ocrx_word' id='word_1_286' title='bbox 1000 3312 1045 3365; x_wconf 87' lang='lat' dir='ltr'>An</span> <span class='ocrx_word' id='word_1_287' title='bbox 1067 3313 1113 3381; x_wconf 84' lang='lat' dir='ltr'>qai</span> <span class='ocrx_word' id='word_1_288' title='bbox 1134 3313 1232 3377; x_wconf 86' lang='lat' dir='ltr'>etesiis,</span> <span class='ocrx_word' id='word_1_289' title='bbox 1260 3312 1306 3380; x_wconf 80' lang='lat' dir='ltr'>qai</span> <span class='ocrx_word' id='word_1_290' title='bbox 1322 3326 1374 3381; x_wconf 85' lang='lat' dir='ltr'>per</span> 
     </span>
     <span class='ocr_line' id='line_1_30' title="bbox 204 3398 1372 3466; baseline 0.003 -19"><span class='ocrx_word' id='word_1_291' title='bbox 204 3411 313 3449; x_wconf 84' lang='lat' dir='ltr'>cursam</span> <span class='ocrx_word' id='word_1_292' title='bbox 324 3404 422 3450; x_wconf 84' lang='lat' dir='ltr'>rectam</span> <span class='ocrx_word' id='word_1_293' title='bbox 435 3402 496 3462; x_wconf 85' lang='lat' dir='ltr'>oet,</span> <span class='ocrx_word' id='word_1_294' title='bbox 509 3400 568 3466; x_wconf 90' lang='lat' dir='ltr'>quia</span> <span class='ocrx_word' id='word_1_295' title='bbox 581 3399 603 3451; x_wconf 90' lang='lat' dir='ltr'>is</span> <span class='ocrx_word' id='word_1_296' title='bbox 617 3403 707 3452; x_wconf 81' lang='lat' dir='ltr'>ventus</span> <span class='ocrx_word' id='word_1_297' title='bbox 726 3400 759 3452; x_wconf 92' lang='lat' dir='ltr'>ad</span> <span class='ocrx_word' id='word_1_298' title='bbox 769 3404 885 3452; x_wconf 92' lang='lat' dir='ltr'>anstrum</span> <span class='ocrx_word' id='word_1_299' title='bbox 903 3400 968 3452; x_wconf 89' lang='lat' dir='ltr'>flans</span> <span class='ocrx_word' id='word_1_300' title='bbox 986 3400 1114 3452; x_wconf 90' lang='lat' dir='ltr'>secundus</span> <span class='ocrx_word' id='word_1_301' title='bbox 1132 3403 1172 3452; x_wconf 91' lang='lat' dir='ltr'>est</span> <span class='ocrx_word' id='word_1_302' title='bbox 1190 3398 1372 3451; x_wconf 83' lang='lat' dir='ltr'>Alexandriam</span> 
     </span>
     <span class='ocr_line' id='line_1_31' title="bbox 206 3482 1404 3550; baseline 0.002 -17"><span class='ocrx_word' id='word_1_303' title='bbox 206 3482 403 3550; x_wconf 77' lang='lat' dir='ltr'>navigantibus,</span> <span class='ocrx_word' id='word_1_304' title='bbox 421 3484 480 3538; x_wconf 85' lang='lat' dir='ltr'>vide</span> <span class='ocrx_word' id='word_1_305' title='bbox 499 3484 531 3537; x_wconf 93' lang='lat' dir='ltr'>ad</span> <span class='ocrx_word' id='word_1_306' title='bbox 551 3486 602 3539; x_wconf 89' lang='lat' dir='ltr'>Att.</span> <span class='ocrx_word' id='word_1_307' title='bbox 620 3486 693 3550; x_wconf 79' lang='lat' dir='ltr'>V1,t</span> <span class='ocrx_word' id='word_1_308' title='bbox 712 3490 738 3539; x_wconf 88' lang='lat' dir='ltr'>et</span> <span class='ocrx_word' id='word_1_309' title='bbox 750 3486 823 3540; x_wconf 87' lang='lat' dir='ltr'>Gaes.</span> <span class='ocrx_word' id='word_1_310' title='bbox 841 3487 901 3540; x_wconf 90' lang='lat' dir='ltr'>bell.</span> <span class='ocrx_word' id='word_1_311' title='bbox 920 3486 1095 3540; x_wconf 69' lang='lat' dir='ltr'>siuilliae:</span> <span class='ocrx_word' id='word_1_312' title='bbox 1116 3484 1212 3538; x_wconf 84' lang='lat' dir='ltr'>Etesiis</span> <span class='ocrx_word' id='word_1_313' title='bbox 1232 3482 1372 3546; x_wconf 80' lang='lat' dir='ltr'>tenebatur,</span> <span class='ocrx_word' id='word_1_314' title='bbox 1402 3500 1404 3504; x_wconf 91' lang='lat'>·</span> 
     </span>
     <span class='ocr_line' id='line_1_32' title="bbox 204 3566 1373 3641; baseline -0.001 -21"><span class='ocrx_word' id='word_1_315' title='bbox 204 3568 253 3635; x_wconf 81' lang='lat' dir='ltr'>qui</span> <span class='ocrx_word' id='word_1_316' title='bbox 274 3566 443 3624; x_wconf 70' lang='lat' dir='ltr'>Alexandria</span> <span class='ocrx_word' id='word_1_317' title='bbox 466 3571 649 3641; x_wconf 74' lang='lat' dir='ltr'>naviqanrttns</span> <span class='ocrx_word' id='word_1_318' title='bbox 673 3581 733 3625; x_wconf 88' lang='lat' dir='ltr'>sant</span> <span class='ocrx_word' id='word_1_319' title='bbox 756 3574 935 3627; x_wconf 81' lang='lat' dir='ltr'>adversissimi</span> <span class='ocrx_word' id='word_1_320' title='bbox 955 3575 1033 3627; x_wconf 82' lang='lat' dir='ltr'>nenti.</span> <span class='ocrx_word' id='word_1_321' title='bbox 1070 3572 1121 3626; x_wconf 88' lang='lat' dir='ltr'>Sed</span> <span class='ocrx_word' id='word_1_322' title='bbox 1144 3586 1191 3623; x_wconf 89' lang='lat' dir='ltr'>nec</span> <span class='ocrx_word' id='word_1_323' title='bbox 1213 3569 1373 3638; x_wconf 89' lang='lat' dir='ltr'>pronominis</span> 
     </span>
     <span class='ocr_line' id='line_1_33' title="bbox 204 3652 1372 3727; baseline -0.002 -21"><span class='ocrx_word' id='word_1_324' title='bbox 204 3652 310 3707; x_wconf 79' lang='lat' dir='ltr'>relativi</span> <span class='ocrx_word' id='word_1_325' title='bbox 332 3657 452 3725; x_wconf 83' lang='lat' dir='ltr'>repetitio</span> <span class='ocrx_word' id='word_1_326' title='bbox 475 3659 559 3727; x_wconf 88' lang='lat' dir='ltr'>placet</span> <span class='ocrx_word' id='word_1_327' title='bbox 581 3674 628 3712; x_wconf 90' lang='lat' dir='ltr'>nec</span> <span class='ocrx_word' id='word_1_328' title='bbox 652 3659 683 3712; x_wconf 89' lang='lat' dir='ltr'>de</span> <span class='ocrx_word' id='word_1_329' title='bbox 706 3663 783 3713; x_wconf 85' lang='lat' dir='ltr'>vento</span> <span class='ocrx_word' id='word_1_330' title='bbox 806 3660 919 3714; x_wconf 81' lang='lat' dir='ltr'>secundo</span> <span class='ocrx_word' id='word_1_331' title='bbox 942 3664 986 3713; x_wconf 92' lang='lat' dir='ltr'>aut</span> <span class='ocrx_word' id='word_1_332' title='bbox 1009 3659 1127 3722; x_wconf 82' lang='lat' dir='ltr'>adverso,</span> <span class='ocrx_word' id='word_1_333' title='bbox 1144 3658 1161 3708; x_wconf 92' lang='lat' dir='ltr'>i.</span> <span class='ocrx_word' id='word_1_334' title='bbox 1180 3671 1202 3707; x_wconf 91' lang='lat' dir='ltr'>e.</span> <span class='ocrx_word' id='word_1_335' title='bbox 1221 3654 1253 3706; x_wconf 86' lang='lat' dir='ltr'>de</span> <span class='ocrx_word' id='word_1_336' title='bbox 1268 3654 1372 3705; x_wconf 81' lang='lat' dir='ltr'>fortuna</span> 
     </span>
     <span class='ocr_line' id='line_1_34' title="bbox 205 3739 1372 3816; baseline -0.004 -22"><span class='ocrx_word' id='word_1_337' title='bbox 205 3740 323 3795; x_wconf 84' lang='lat' dir='ltr'>secunda</span> <span class='ocrx_word' id='word_1_338' title='bbox 348 3747 393 3796; x_wconf 91' lang='lat' dir='ltr'>aut</span> <span class='ocrx_word' id='word_1_339' title='bbox 415 3745 536 3810; x_wconf 85' lang='lat' dir='ltr'>adversa,</span> <span class='ocrx_word' id='word_1_340' title='bbox 559 3762 647 3799; x_wconf 85' lang='lat' dir='ltr'>rerum</span> <span class='ocrx_word' id='word_1_341' title='bbox 666 3746 698 3798; x_wconf 93' lang='lat' dir='ltr'>de</span> <span class='ocrx_word' id='word_1_342' title='bbox 715 3748 760 3811; x_wconf 89' lang='lat' dir='ltr'>iis,</span> <span class='ocrx_word' id='word_1_343' title='bbox 778 3748 821 3816; x_wconf 91' lang='lat' dir='ltr'>qui</span> <span class='ocrx_word' id='word_1_344' title='bbox 840 3751 936 3799; x_wconf 89' lang='lat' dir='ltr'>rectum</span> <span class='ocrx_word' id='word_1_345' title='bbox 955 3761 1056 3799; x_wconf 85' lang='lat' dir='ltr'>cursum</span> <span class='ocrx_word' id='word_1_346' title='bbox 1080 3745 1185 3795; x_wconf 88' lang='lat' dir='ltr'>teneant</span> <span class='ocrx_word' id='word_1_347' title='bbox 1202 3742 1246 3791; x_wconf 91' lang='lat' dir='ltr'>aut</span> <span class='ocrx_word' id='word_1_348' title='bbox 1263 3740 1309 3804; x_wconf 88' lang='lat' dir='ltr'>iis,</span> <span class='ocrx_word' id='word_1_349' title='bbox 1327 3739 1372 3807; x_wconf 88' lang='lat' dir='ltr'>qui</span> 
     </span>
     <span class='ocr_line' id='line_1_35' title="bbox 206 3825 1371 3901; baseline -0.003 -21"><span class='ocrx_word' id='word_1_350' title='bbox 206 3828 298 3881; x_wconf 83' lang='lat' dir='ltr'>nescio</span> <span class='ocrx_word' id='word_1_351' title='bbox 316 3833 394 3898; x_wconf 89' lang='lat' dir='ltr'>atque</span> <span class='ocrx_word' id='word_1_352' title='bbox 411 3831 560 3900; x_wconf 89' lang='lat' dir='ltr'>inopinante</span> <span class='ocrx_word' id='word_1_353' title='bbox 577 3847 638 3900; x_wconf 90' lang='lat' dir='ltr'>pop.</span> <span class='ocrx_word' id='word_1_354' title='bbox 657 3833 772 3885; x_wconf 87' lang='lat' dir='ltr'>Romano</span> <span class='ocrx_word' id='word_1_355' title='bbox 788 3834 860 3901; x_wconf 90' lang='lat' dir='ltr'>quasi</span> <span class='ocrx_word' id='word_1_356' title='bbox 880 3849 926 3901; x_wconf 89' lang='lat' dir='ltr'>per</span> <span class='ocrx_word' id='word_1_357' title='bbox 944 3832 1062 3885; x_wconf 89' lang='lat' dir='ltr'>tenebras</span> <span class='ocrx_word' id='word_1_358' title='bbox 1081 3825 1263 3879; x_wconf 85' lang='lat' dir='ltr'>Alexandriam</span> <span class='ocrx_word' id='word_1_359' title='bbox 1282 3839 1371 3893; x_wconf 85' lang='lat' dir='ltr'>perve-</span> 
     </span>
     <span class='ocr_line' id='line_1_36' title="bbox 205 3912 1370 3988; baseline -0.005 -20"><span class='ocrx_word' id='word_1_360' title='bbox 205 3916 263 3968; x_wconf 88' lang='lat' dir='ltr'>nire</span> <span class='ocrx_word' id='word_1_361' title='bbox 282 3915 412 3982; x_wconf 82' lang='lat' dir='ltr'>studeant,</span> <span class='ocrx_word' id='word_1_362' title='bbox 431 3918 522 3986; x_wconf 87' lang='lat' dir='ltr'>agitur.</span> <span class='ocrx_word' id='word_1_363' title='bbox 558 3918 646 3987; x_wconf 90' lang='lat' dir='ltr'>ltaque</span> <span class='ocrx_word' id='word_1_364' title='bbox 664 3919 830 3988; x_wconf 89' lang='lat' dir='ltr'>praetulimus</span> <span class='ocrx_word' id='word_1_365' title='bbox 848 3920 1022 3972; x_wconf 84' lang='lat' dir='ltr'>llanutianam</span> <span class='ocrx_word' id='word_1_366' title='bbox 1045 3913 1263 3976; x_wconf 89' lang='lat' dir='ltr'>emendationem,</span> <span class='ocrx_word' id='word_1_367' title='bbox 1280 3912 1370 3979; x_wconf 90' lang='lat' dir='ltr'>paucis</span> 
     </span>
     <span class='ocr_line' id='line_1_37' title="bbox 203 3997 1370 4074; baseline -0.003 -22"><span class='ocrx_word' id='word_1_368' title='bbox 203 4000 468 4057; x_wconf 85' lang='lat' dir='ltr'>litterlsacodiaibus</span> <span class='ocrx_word' id='word_1_369' title='bbox 486 4003 631 4057; x_wconf 88' lang='lat' dir='ltr'>distantem.</span> <span class='ocrx_word' id='word_1_370' title='bbox 659 4005 775 4074; x_wconf 73' lang='lat' dir='ltr'>Regnum</span> <span class='ocrx_word' id='word_1_371' title='bbox 796 4012 888 4069; x_wconf 89' lang='lat' dir='ltr'>tenere,</span> <span class='ocrx_word' id='word_1_372' title='bbox 907 4006 924 4057; x_wconf 91' lang='lat' dir='ltr'>i.</span> <span class='ocrx_word' id='word_1_373' title='bbox 935 4021 956 4058; x_wconf 90' lang='lat' dir='ltr'>e.</span> <span class='ocrx_word' id='word_1_374' title='bbox 975 4003 1083 4057; x_wconf 84' lang='lat' dir='ltr'>naribus</span> <span class='ocrx_word' id='word_1_375' title='bbox 1101 4000 1133 4053; x_wconf 89' lang='lat' dir='ltr'>ad</span> <span class='ocrx_word' id='word_1_376' title='bbox 1145 4014 1252 4068; x_wconf 85' lang='lat' dir='ltr'>regnum</span> <span class='ocrx_word' id='word_1_377' title='bbox 1265 3997 1370 4067; x_wconf 89' lang='lat' dir='ltr'>appelli,</span> 
     </span>
     <span class='ocr_line' id='line_1_38' title="bbox 204 4082 1370 4161; baseline -0.003 -22"><span class='ocrx_word' id='word_1_378' title='bbox 204 4092 344 4143; x_wconf 66' lang='lat' dir='ltr'>uanhmm</span> <span class='ocrx_word' id='word_1_379' title='bbox 361 4105 413 4143; x_wconf 80' lang='lat' dir='ltr'>vox</span> <span class='ocrx_word' id='word_1_380' title='bbox 430 4095 479 4156; x_wconf 89' lang='lat' dir='ltr'>est,</span> <span class='ocrx_word' id='word_1_381' title='bbox 497 4107 562 4161; x_wconf 88' lang='lat' dir='ltr'>qnae</span> <span class='ocrx_word' id='word_1_382' title='bbox 581 4107 658 4160; x_wconf 88' lang='lat' dir='ltr'>saepe</span> <span class='ocrx_word' id='word_1_383' title='bbox 676 4106 733 4144; x_wconf 89' lang='lat' dir='ltr'>eum</span> <span class='ocrx_word' id='word_1_384' title='bbox 752 4093 785 4144; x_wconf 93' lang='lat' dir='ltr'>ab</span> <span class='ocrx_word' id='word_1_385' title='bbox 804 4092 870 4155; x_wconf 89' lang='lat' dir='ltr'>aliis,</span> <span class='ocrx_word' id='word_1_386' title='bbox 889 4096 942 4143; x_wconf 89' lang='lat' dir='ltr'>tum</span> <span class='ocrx_word' id='word_1_387' title='bbox 961 4089 993 4142; x_wconf 94' lang='lat' dir='ltr'>ab</span> <span class='ocrx_word' id='word_1_388' title='bbox 1011 4088 1084 4141; x_wconf 80' lang='lat' dir='ltr'>Livio</span> <span class='ocrx_word' id='word_1_389' title='bbox 1101 4090 1248 4155; x_wconf 87' lang='lat' dir='ltr'>usurpatur.</span> <span class='ocrx_word' id='word_1_390' title='bbox 1275 4082 1370 4152; x_wconf 86' lang='lat' dir='ltr'>Recepi</span> 
     </span>
     <span class='ocr_line' id='line_1_39' title="bbox 206 4170 1370 4245; baseline -0.003 -19"><span class='ocrx_word' id='word_1_391' title='bbox 206 4176 295 4227; x_wconf 86' lang='lat' dir='ltr'>autem</span> <span class='ocrx_word' id='word_1_392' title='bbox 313 4172 368 4228; x_wconf 85' lang='lat' dir='ltr'>sine</span> <span class='ocrx_word' id='word_1_393' title='bbox 387 4174 557 4241; x_wconf 89' lang='lat' dir='ltr'>dubitatione,</span> <span class='ocrx_word' id='word_1_394' title='bbox 575 4177 643 4245; x_wconf 93' lang='lat' dir='ltr'>quod</span> <span class='ocrx_word' id='word_1_395' title='bbox 661 4178 830 4231; x_wconf 77' lang='lat' dir='ltr'>cod.9habet</span> <span class='ocrx_word' id='word_1_396' title='bbox 848 4178 933 4230; x_wconf 83' lang='lat' dir='ltr'>caeeis</span> <span class='ocrx_word' id='word_1_397' title='bbox 952 4174 1062 4229; x_wconf 82' lang='lat' dir='ltr'>tenebris</span> <span class='ocrx_word' id='word_1_398' title='bbox 1077 4189 1126 4243; x_wconf 91' lang='lat' dir='ltr'>pro</span> <span class='ocrx_word' id='word_1_399' title='bbox 1141 4188 1181 4239; x_wconf 91' lang='lat' dir='ltr'>eo,</span> <span class='ocrx_word' id='word_1_400' title='bbox 1198 4172 1266 4242; x_wconf 90' lang='lat' dir='ltr'>quod</span> <span class='ocrx_word' id='word_1_401' title='bbox 1278 4170 1370 4241; x_wconf 89' lang='lat' dir='ltr'>reliqui</span> 
     </span>
     <span class='ocr_line' id='line_1_40' title="bbox 206 4260 1369 4330; baseline -0.002 -17"><span class='ocrx_word' id='word_1_402' title='bbox 206 4260 336 4329; x_wconf 82' lang='lat' dir='ltr'>praebent</span> <span class='ocrx_word' id='word_1_403' title='bbox 354 4261 446 4314; x_wconf 75' lang='lat' dir='ltr'>taetris</span> <span class='ocrx_word' id='word_1_404' title='bbox 464 4260 581 4315; x_wconf 80' lang='lat' dir='ltr'>tenebris.</span> <span class='ocrx_word' id='word_1_405' title='bbox 612 4262 667 4315; x_wconf 90' lang='lat' dir='ltr'>Hoc</span> <span class='ocrx_word' id='word_1_406' title='bbox 685 4265 751 4315; x_wconf 92' lang='lat' dir='ltr'>enim</span> <span class='ocrx_word' id='word_1_407' title='bbox 771 4265 864 4330; x_wconf 88' lang='lat' dir='ltr'>agitur,</span> <span class='ocrx_word' id='word_1_408' title='bbox 882 4265 969 4314; x_wconf 90' lang='lat' dir='ltr'>tantas</span> <span class='ocrx_word' id='word_1_409' title='bbox 987 4275 1044 4313; x_wconf 88' lang='lat' dir='ltr'>esse</span> <span class='ocrx_word' id='word_1_410' title='bbox 1061 4260 1189 4323; x_wconf 89' lang='lat' dir='ltr'>tenebras,</span> <span class='ocrx_word' id='word_1_411' title='bbox 1207 4262 1236 4311; x_wconf 88' lang='lat' dir='ltr'>ut</span> <span class='ocrx_word' id='word_1_412' title='bbox 1253 4274 1301 4328; x_wconf 89' lang='lat' dir='ltr'>per</span> <span class='ocrx_word' id='word_1_413' title='bbox 1317 4272 1369 4322; x_wconf 81' lang='lat' dir='ltr'>eae,</span> 
     </span>
     <span class='ocr_line' id='line_1_41' title="bbox 204 4347 1370 4417; baseline -0.002 -18"><span class='ocrx_word' id='word_1_414' title='bbox 204 4360 255 4415; x_wconf 88' lang='lat' dir='ltr'>quo</span> <span class='ocrx_word' id='word_1_415' title='bbox 274 4347 426 4416; x_wconf 79' lang='lat' dir='ltr'>navigetur,</span> <span class='ocrx_word' id='word_1_416' title='bbox 448 4347 561 4417; x_wconf 87' lang='lat' dir='ltr'>perspici</span> <span class='ocrx_word' id='word_1_417' title='bbox 584 4364 635 4400; x_wconf 91' lang='lat' dir='ltr'>non</span> <span class='ocrx_word' id='word_1_418' title='bbox 657 4350 752 4417; x_wconf 87' lang='lat' dir='ltr'>possit:</span> <span class='ocrx_word' id='word_1_419' title='bbox 781 4353 878 4401; x_wconf 88' lang='lat' dir='ltr'>taetrae</span> <span class='ocrx_word' id='word_1_420' title='bbox 902 4348 1003 4417; x_wconf 90' lang='lat' dir='ltr'>quidem</span> <span class='ocrx_word' id='word_1_421' title='bbox 1028 4347 1084 4399; x_wconf 89' lang='lat' dir='ltr'>sine</span> <span class='ocrx_word' id='word_1_422' title='bbox 1105 4362 1200 4415; x_wconf 85' lang='lat' dir='ltr'>magna</span> <span class='ocrx_word' id='word_1_423' title='bbox 1217 4348 1370 4414; x_wconf 88' lang='lat' dir='ltr'>tempestate</span> 
     </span>
     <span class='ocr_line' id='line_1_42' title="bbox 204 4433 1370 4505; baseline -0.003 -18"><span class='ocrx_word' id='word_1_424' title='bbox 204 4434 317 4503; x_wconf 80' lang='lat' dir='ltr'>cogitari</span> <span class='ocrx_word' id='word_1_425' title='bbox 334 4450 387 4488; x_wconf 92' lang='lat' dir='ltr'>non</span> <span class='ocrx_word' id='word_1_426' title='bbox 405 4438 523 4503; x_wconf 90' lang='lat' dir='ltr'>possunt,</span> <span class='ocrx_word' id='word_1_427' title='bbox 543 4450 572 4487; x_wconf 92' lang='lat' dir='ltr'>ac</span> <span class='ocrx_word' id='word_1_428' title='bbox 590 4435 686 4487; x_wconf 88' lang='lat' dir='ltr'>fuerint</span> <span class='ocrx_word' id='word_1_429' title='bbox 704 4436 754 4489; x_wconf 91' lang='lat' dir='ltr'>alio</span> <span class='ocrx_word' id='word_1_430' title='bbox 774 4439 891 4505; x_wconf 89' lang='lat' dir='ltr'>tempore</span> <span class='ocrx_word' id='word_1_431' title='bbox 909 4435 980 4500; x_wconf 86' lang='lat' dir='ltr'>aliis,</span> <span class='ocrx_word' id='word_1_432' title='bbox 997 4438 1059 4486; x_wconf 88' lang='lat' dir='ltr'>tunc</span> <span class='ocrx_word' id='word_1_433' title='bbox 1077 4434 1143 4487; x_wconf 89' lang='lat' dir='ltr'>clam</span> <span class='ocrx_word' id='word_1_434' title='bbox 1160 4433 1308 4502; x_wconf 82' lang='lat' dir='ltr'>Aegyptum</span> <span class='ocrx_word' id='word_1_435' title='bbox 1326 4444 1370 4498; x_wconf 90' lang='lat' dir='ltr'>pe·</span> 
     </span>
     <span class='ocr_line' id='line_1_43' title="bbox 203 4516 1369 4591; baseline -0.003 -19"><span class='ocrx_word' id='word_1_436' title='bbox 203 4519 322 4574; x_wconf 79' lang='lat' dir='ltr'>tentibus</span> <span class='ocrx_word' id='word_1_437' title='bbox 345 4520 473 4574; x_wconf 90' lang='lat' dir='ltr'>iucundae</span> <span class='ocrx_word' id='word_1_438' title='bbox 500 4536 557 4575; x_wconf 92' lang='lat' dir='ltr'>esse</span> <span class='ocrx_word' id='word_1_439' title='bbox 580 4520 729 4573; x_wconf 90' lang='lat' dir='ltr'>debuerunt.</span> <span class='ocrx_word' id='word_1_440' title='bbox 767 4522 804 4575; x_wconf 81' lang='lat' dir='ltr'>cf.</span> <span class='ocrx_word' id='word_1_441' title='bbox 823 4540 849 4591; x_wconf 87' lang='lat' dir='ltr'>p.</span> <span class='ocrx_word' id='word_1_442' title='bbox 867 4523 943 4576; x_wconf 89' lang='lat' dir='ltr'>domo</span> <span class='ocrx_word' id='word_1_443' title='bbox 963 4522 1011 4586; x_wconf 91' lang='lat'>10,</span> <span class='ocrx_word' id='word_1_444' title='bbox 1029 4521 1063 4574; x_wconf 81' lang='lat'>24</span> <span class='ocrx_word' id='word_1_445' title='bbox 1080 4521 1109 4572; x_wconf 82' lang='lat' dir='ltr'>e&#39;n</span> <span class='ocrx_word' id='word_1_446' title='bbox 1134 4521 1188 4573; x_wconf 83' lang='lat' dir='ltr'>illis</span> <span class='ocrx_word' id='word_1_447' title='bbox 1210 4516 1369 4588; x_wconf 73' lang='lat' dir='ltr'>respublicae</span> 
     </span>
     <span class='ocr_line' id='line_1_44' title="bbox 205 4602 1369 4677; baseline 0.001 -21"><span class='ocrx_word' id='word_1_448' title='bbox 205 4602 319 4657; x_wconf 77' lang='lat' dir='ltr'>tenebris</span> <span class='ocrx_word' id='word_1_449' title='bbox 337 4604 471 4674; x_wconf 68' lang='lat' dir='ltr'>meisque</span> <span class='ocrx_word' id='word_1_450' title='bbox 488 4604 596 4657; x_wconf 79' lang='lat' dir='ltr'>nubibas</span> <span class='ocrx_word' id='word_1_451' title='bbox 615 4610 640 4658; x_wconf 85' lang='lat' dir='ltr'>et</span> <span class='ocrx_word' id='word_1_452' title='bbox 651 4607 785 4674; x_wconf 82' lang='lat' dir='ltr'>procellis,</span> <span class='ocrx_word' id='word_1_453' title='bbox 800 4624 857 4661; x_wconf 88' lang='lat' dir='ltr'>anm</span> <span class='ocrx_word' id='word_1_454' title='bbox 875 4624 929 4661; x_wconf 88' lang='lat' dir='ltr'>sen.</span> <span class='ocrx_word' id='word_1_455' title='bbox 947 4610 1012 4677; x_wconf 87' lang='lat' dir='ltr'>grat.</span> <span class='ocrx_word' id='word_1_456' title='bbox 1030 4607 1084 4674; x_wconf 84' lang='lat' dir='ltr'>egit</span> <span class='ocrx_word' id='word_1_457' title='bbox 1100 4604 1126 4669; x_wconf 87' lang='lat'>3,</span> <span class='ocrx_word' id='word_1_458' title='bbox 1144 4604 1161 4658; x_wconf 78' lang='lat'><strong><em>5</em></strong></span> <span class='ocrx_word' id='word_1_459' title='bbox 1178 4620 1211 4657; x_wconf 83' lang='lat' dir='ltr'>ea</span> <span class='ocrx_word' id='word_1_460' title='bbox 1227 4602 1369 4674; x_wconf 69' lang='lat' dir='ltr'>sopenna</span> 
     </span>
     <span class='ocr_line' id='line_1_45' title="bbox 205 4688 582 4759; baseline 0.005 -16"><span class='ocrx_word' id='word_1_461' title='bbox 205 4690 272 4743; x_wconf 72' lang='lat' dir='ltr'>anni</span> <span class='ocrx_word' id='word_1_462' title='bbox 290 4688 405 4759; x_wconf 75' lang='lat' dir='ltr'>calipim</span> <span class='ocrx_word' id='word_1_463' title='bbox 422 4698 448 4745; x_wconf 88' lang='lat' dir='ltr'>et</span> <span class='ocrx_word' id='word_1_464' title='bbox 465 4690 582 4745; x_wconf 80' lang='lat' dir='ltr'>tenebris.</span> 
     </span>
    </p>
   </div>
   <div class='ocr_carea' id='block_1_5' title="bbox 0 0 1780 5492">
    <p class='ocr_par' dir='ltr' id='par_1_5' title="bbox 0 0 1780 5492">
     <span class='ocr_line' id='line_1_46' title="bbox 0 0 1780 5492; baseline 0 0"><span class='ocrx_word' id='word_1_465' title='bbox 0 0 1780 5492; x_wconf 95' lang='lat' dir='ltr'> </span> 
     </span>
    </p>
   </div>
  </div>
 </body>
</html>
