3550 5492
779 584 995 647 -84...

301 746 384 811 mitti
406 745 445 810 ad
466 745 561 811 socios
582 741 754 807 liberandos
777 761 816 804 an
840 741 1074 827 opprimendos?
1101 741 1242 825 denique,
1270 741 1300 805 si
1324 739 1398 825 quis
1418 744 1457 803 est

289 824 395 915 'honos
417 846 592 931 singularis,
615 844 734 909 nihilne
761 843 891 909 interest
911 851 1017 910 utrum
1045 843 1177 931 populus
1197 845 1368 935 Romanus,
1383 860 1457 923 eum,

299 954 350 1017 cui
371 951 462 1033 velit,
497 952 625 1031 deierat,
658 969 699 1013 an
727 948 754 1012 is
781 947 977 1033 impudenter
1003 949 1115 1035 populo
1136 947 1275 1013 Romano
1305 942 1458 1033 perlegis

299 1054 438 1120 fraudem
459 1051 664 1140 surripiatur?
1334 1132 1339 1141 ⁴

178 1175 290 1239 ‚vluti
384 1156 586 1223 Intellexistis
607 1160 682 1240 quot
702 1175 752 1218 res
774 1160 806 1219 et
832 1159 964 1238 quantas
986 1152 1075 1218 Xviri
1102 1152 1180 1236 legis
1208 1151 1368 1237 permissu
1390 1170 1457 1217 veu-

298 1260 393 1325 dituri
416 1261 488 1325 sint.
532 1258 601 1323 Non
622 1265 669 1323 est
690 1259 775 1323 satis.
820 1257 900 1320 Cum
929 1275 962 1319 se
989 1254 1155 1335 sociorum,
1184 1274 1256 1318 cum
1284 1258 1458 1317 exterarum

297 1362 469 1444 nationum,
492 1384 562 1427 cum
584 1380 692 1444 regum
708 1360 858 1442 sanguine
874 1357 1042 1443 implerint,
1065 1356 1205 1421 incidant
1222 1372 1335 1421 nervos
1357 1354 1458 1443 populi

297 1465 437 1548 Romani,
460 1465 627 1530 adhibeant
641 1484 752 1527 manus
767 1459 968 1544 vectigalibus
982 1459 1105 1541 vestris,
1114 1548 1117 1553 Ι
1127 1458 1305 1543 irrumpant
1326 1458 1365 1523 in
1380 1476 1458 1522 aera·

296 1568 387 1632 rium.
422 1567 569 1651 Sequitur
590 1565 674 1630 enim
696 1572 797 1650 caput,
820 1584 881 1649 quo
902 1563 1002 1647 capite
1023 1584 1061 1627 nc
1083 1562 1236 1648 permittit
1264 1559 1458 1647 quidem‚si

295 1671 371 1736 forte
394 1670 475 1734 desit
496 1669 636 1754 pecunia,
658 1690 738 1754 quae
759 1676 848 1734 tanta
869 1691 907 1734 ex
930 1668 1137 1754 superioribus
1165 1667 1261 1751 recipi
1282 1671 1407 1752 potest,
1428 1670 1458 1729 ut

381 1856 410 1885 un
424 1844 454 1884 ud
467 1843 622 1892 opprimendos.
632 1861 657 1875 -
669 1844 690 1882 rt
704 1845 741 1892 qut
753 1847 789 1895 ert.
802 1860 828 1873 ·-
840 1843 974 1892 imprudente
984 1842 1071 1891 populo.

297 2000 392 2064 dimus,
416 2014 466 2052 non
484 2002 514 2051 ut
531 1999 684 2051 recentiores
707 1998 732 2049 ei
754 1998 800 2064 qui
816 2003 855 2051 eat
870 1997 963 2060 Itonos,
985 1998 1047 2050 item
1069 1994 1186 2050 codicum
1205 1995 1392 2050 auctoritatem
1411 2010 1457 2050 noa

298 2085 401 2138 dubiam
420 2086 502 2138 secuti
519 2100 607 2137 sumus
625 2083 806 2152 addendusquc
823 2085 865 2138 hio
882 2085 955 2137 locris
973 2084 1006 2136 ad
1023 2098 1068 2137 eos
1081 2083 1271 2149 Ciceronianus,
1288 2084 1388 2153 quibus
1405 2083 1457 2151 qui

297 2170 417 2223 adiectivi
434 2171 518 2223 locum
535 2170 658 2223 obtineat

334 2249 338 2256 ’
382 2256 424 2308 47.
443 2255 611 2309 intellexistis
629 2272 668 2326 sq.
703 2254 824 2310 Absolvit
846 2273 925 2310 unum
944 2272 1024 2325 genus
1042 2256 1231 2321 venditionum,
1254 2256 1326 2325 quod
1343 2256 1456 2327 positum

297 2344 381 2396 estin
398 2344 438 2409 iis,
456 2344 598 2413 exquibus
621 2344 719 2397 nullum
736 2344 936 2397 emolumentum
959 2345 1029 2413 capit
1047 2345 1172 2397 aerarium
1189 2342 1339 2413 publicum:
1361 2344 1455 2411 imque

297 2444 390 2497 genere
407 2430 555 2500 priusquam
572 2432 683 2496 veniret,
699 2430 863 2485 indicandum
881 2436 937 2484 erat
959 2431 1063 2496 Xviris,
1085 2431 1146 2499 quid
1169 2431 1302 2499 publicum
1325 2428 1455 2499 popliir

295 2517 365 2569 mani
382 2531 439 2568 esse
456 2517 599 2583 videretur,
621 2516 682 2586 quid
701 2533 752 2570 non
770 2517 907 2571 videretur.
942 2516 1031 2585 ltaque
1047 2532 1078 2570 ea
1093 2518 1223 2587 puntiau
1245 2516 1313 2585 legis
1332 2514 1455 2570 Serviliae

295 2602 498 2666 continebantur,
516 2603 532 2655 i.
551 2618 573 2654 e.
595 2603 791 2670 permittebatur
811 2618 842 2654 ea
868 2601 990 2667 vendere,
1016 2603 1039 2654 si
1060 2602 1163 2670 publica
1189 2616 1246 2655 esse
1270 2600 1453 2655 indicarentur.

294 2688 398 2742 Transit
414 2689 465 2742 iam
484 2688 517 2742 ad
535 2688 641 2743 alterum
659 2705 754 2759 genus,
776 2689 845 2759 quod
867 2690 940 2742 iussu
961 2689 1027 2757 legis
1049 2689 1234 2752 continebatur,
1258 2686 1291 2740 ad
1316 2678 1454 2756 vectigalia

293 2775 310 2826 i.
330 2790 351 2826 e.
374 2790 418 2829 eas
441 2774 530 2844 populi
553 2775 661 2828 Romani
683 2775 869 2844 possessiones,
893 2773 1040 2842 exquibus
1064 2773 1188 2841 vectigal,
1217 2786 1319 2825 annuus
1347 2771 1453 2835 fructus,

294 2860 391 2912 aerario
408 2859 516 2914 redibat.
554 2858 583 2913 ln
601 2875 631 2913 eo
649 2875 700 2913 non
718 2875 784 2927 opus
802 2863 858 2911 erat
874 2857 969 2911 iudicio
989 2860 1058 2922 (nam
1075 2857 1205 2926 publicum
1223 2872 1280 2910 esse
1298 2856 1453 2920 conruunt),

295 2946 340 2998 sed
358 2947 406 2999 hoc
423 2947 506 3001 solum
524 2947 699 3016 imperabatur
716 2951 745 3000 ut
762 2947 869 3000 veniret.
911 2946 994 3011 Quare
1013 2946 1101 2999 Cicero
1119 2947 1145 2999 iu
1162 2944 1208 2998 illo
1225 2960 1319 2998 nomen
1338 2942 1455 2997 adhibuit

295 3046 395 3100 semper
411 3032 576 3096 venditionis,
593 3033 620 3084 in
637 3033 686 3085 hoc
698 3031 827 3084 auctionis
844 3029 935 3095 (548);
953 3047 1012 3083 nam
1025 3031 1109 3084 auctio
1126 3029 1155 3082 fit
1172 3045 1258 3082 earum
1275 3042 1372 3092 rernm,
1390 3042 1452 3096 quaa

292 3121 350 3170 tuas
368 3133 424 3170 esse
441 3120 549 3170 constat.
572 3116 729 3184 Quamquam
751 3117 778 3167 in
794 3115 852 3183 loge
868 3116 927 3183 ipsa
946 3130 996 3168 nou
1014 3116 1124 3169 arbitror
1135 3115 1215 3168 fuisse
1227 3114 1254 3166 id
1273 3129 1382 3179 nomeu,
1404 3126 1452 3183 quo

292 3202 380 3255 Cicero
405 3201 517 3254 invidiae
540 3199 672 3252 faciendae
693 3214 770 3252 causa
793 3201 886 3263 utitur;
908 3199 1022 3252 venditio
1049 3201 1138 3253 horum
1166 3214 1267 3269 quoque
1289 3196 1453 3268 vectigalium

294 3285 480 3354 appellabatur.
499 3313 533 3322 —
549 3300 639 3351 nepum
657 3284 783 3352 trumuine
800 3285 817 3336 i.
830 3299 852 3336 e.
870 3284 903 3337 iis
921 3284 1006 3348 rebus,
1024 3299 1090 3352 quae
1107 3284 1178 3337 alunt
1195 3285 1371 3353 quadrages,
1389 3298 1452 3354 quac

294 3371 392 3422 iaciunt
410 3373 439 3421 ut
456 3369 476 3420 ii
493 3367 603 3420 valeant.
642 3367 708 3419 Nam
726 3368 763 3420 ita
780 3367 846 3421 solet
863 3369 969 3437 sanguis
987 3367 1038 3421 dici
1059 3384 1115 3421 oum
1138 3368 1245 3421 aliarum
1268 3383 1368 3435 rerum,
1385 3368 1454 3423 velut

293 3456 395 3509 nunni
410 3456 437 3507 in
454 3455 528 3509 Verr.
545 3454 589 3519 ΙΙΙ,
600 3453 643 3519 36,
655 3454 699 3518 83,
715 3459 768 3507 tum
787 3456 910 3512 orationis
929 3456 1118 3525 notandumque
1135 3455 1203 3525 quod
1221 3455 1275 3510 hl.
1293 3454 1374 3527 paulo
1392 3454 1452 3509 libe

292 3543 345 3594 rius
363 3554 450 3608 regum
468 3542 583 3610 ipsorum
601 3546 627 3595 et
644 3546 790 3596 exterarum
808 3545 939 3597 nationum
956 3545 1016 3611 (ie.
1038 3543 1187 3610 liberarum)
1204 3546 1231 3595 et
1247 3542 1377 3596 sociorum
1395 3557 1453 3595 sau·

291 3627 350 3696 guis
368 3625 468 3678 dicitur.
503 3627 541 3681 cf.
559 3629 574 3693 ξ
590 3627 624 3680 34
642 3644 727 3681 onrtnea
741 3629 894 3697 provincius
912 3627 1034 3692 obeundi,
1057 3627 1150 3682 liberos
1163 3629 1275 3697 populos
1295 3627 1370 3696 upra
1388 3627 1453 3683 mui-

292 3713 373 3776 tuudi,
389 3729 527 3782 reynerum
544 3716 738 3769 adtinendorunr
756 3711 855 3768 summa
869 3723 986 3785 potestus
1003 3715 1083 3769 datur
1099 3720 1126 3768 et
1143 3714 1200 3781 §35
1218 3721 1243 3767 et
1259 3729 1344 3781 repra
1361 3712 1450 3767 unna

291 3806 317 3851 et
335 3799 472 3867 imperium
492 3809 604 3855 vernum
630 3832 663 3841 -
690 3810 717 3857 et
732 3819 777 3867 eu,
800 3819 865 3871 quae
882 3804 984 3872 purtim
1006 3803 1087 3856 libero
1105 3821 1122 3856 o
1138 3802 1226 3865 uobis,
1246 3802 1350 3871 purtim
1371 3800 1452 3853 etium

290 3886 412 3953 iquoratu
429 3884 501 3938 vobio
518 3894 585 3951 suut,
600 3889 728 3956 perscissa
746 3888 809 3958 lepis
828 3889 998 3944 continentur.
1026 3887 1217 3952 Coniunctivos,
1235 3886 1279 3956 qui
1296 3888 1452 3954 sequuntur,

290 3971 416 4034 incidant,
433 3970 579 4034 adhibeant,
596 3972 745 4042 irrumpunt
760 3973 875 4042 intellige
896 3974 928 4026 de
945 3973 1072 4038 iubendo,
1089 3978 1117 4025 ut
1135 3973 1188 4027 sint
1205 3987 1252 4041 pro
1273 3970 1451 4039 imperativis3

289 4057 316 4109 id
334 4059 451 4125 proxima
468 4059 602 4122 sonantia,
619 4075 669 4127 qua
685 4061 747 4113 haec
765 4060 915 4128 explicatur,
933 4060 1020 4125 docet,
1038 4076 1088 4129 qua
1105 4061 1188 4113 iuberi
1205 4048 1343 4112 ndrrantur
1361 4054 1450 4111 Xviri.

290 4141 474 4206 commemoro,
491 4142 551 4209 quia
568 4143 671 4210 quidam
689 4144 799 4198 editores
816 4161 863 4214 pro
887 4146 1056 4199 coniunctivis
1080 4145 1166 4199 futura
1189 4146 1332 4214 posuerunt
1355 4142 1451 4213 altique

289 4229 466 4281 coniunctivos
487 4231 618 4294 tamquam
641 4229 672 4280 de
693 4232 857 4284 concessione
879 4231 965 4300 aliqua
992 4231 1090 4285 ironica
1114 4232 1274 4300 acceperuut.
1298 4257 1333 4267 -
1356 4227 1450 4298 recipi.

287 4312 423 4380 Proprium
441 4312 489 4365 hoc
507 4311 612 4364 verbum
629 4316 669 4365 est
687 4313 718 4366 de
735 4317 856 4382 pecunia,
882 4332 948 4385 quac
965 4315 1099 4369 coniicitur
1115 4319 1143 4369 et
1159 4315 1301 4383 colligitur,
1318 4312 1353 4367 oi.
1370 4329 1397 4382 p.
1417 4310 1447 4376 Q.

288 4398 363 4450 Rosc.
382 4396 406 4461 8,
424 4394 457 4448 24
476 4396 500 4446 ei
515 4394 561 4448 leus
579 4403 699 4461 quaestus
716 4400 831 4468 recipere
846 4417 943 4469 posses,
961 4418 1012 4454 non
1030 4400 1115 4454 eodem
1134 4407 1246 4468 ternpore
1263 4406 1289 4451 et
1303 4405 1407 4468 pectunt
1424 4402 1451 4453 ct

288 4485 400 4537 animaru
421 4484 531 4552 aquea?
563 4482 619 4546 Quo
637 4487 743 4552 utroque
761 4487 818 4541 loco
836 4488 983 4554 Lambinus,
1006 4490 1079 4559 quasi
1097 4488 1124 4541 id
1142 4488 1224 4555 magis
1242 4490 1312 4539 esset
1329 4485 1448 4550 latinum,

288 4572 320 4624 de
338 4574 485 4627 coniectura
502 4584 550 4623 sua
567 4569 671 4637 scripsit
687 4571 767 4637 refici.
804 4573 885 4627 Paulo
902 4579 974 4642 post,
998 4575 1042 4628 ubi
1059 4577 1098 4627 est
1110 4573 1192 4642 plone
1210 4572 1286 4640 quusi
1303 4588 1335 4627 ec
1353 4586 1396 4625 rer
1414 4596 1449 4611 ·-

284 4661 384 4729 sutura
401 4661 492 4717 nitito
509 4661 592 4731 cepit,
614 4658 700 4712 nescio
721 4674 798 4726 quam
819 4660 996 4717 difficultatem
1016 4659 1114 4717 invenit
1135 4657 1250 4713 Handius
1271 4657 1300 4711 in
1316 4654 1394 4713 Ture.
1410 4654 1450 4713 lv

1402 4844 1423 4879 N
