3550 5492
800 609 1094 688 ,-68-

408 774 512 841 volent
532 773 582 839 vel
611 793 686 858 quoe
713 773 818 838 volent
846 792 939 856 quam
968 772 1072 837 volent
1100 793 1210 855 magno
1238 779 1398 859 poterunt:
1435 774 1560 841 colonias

391 878 556 942 ‚deducere
579 898 682 958 novas,
705 895 851 941 renovare
874 882 1006 960 veteres,
1028 884 1125 944 totam
1145 879 1268 944 ltaliam
1290 879 1356 943 suis
1380 880 1512 946 coloniis
1526 888 1560 945 ut

406 981 557 1066 complere
579 981 685 1063 liceat,
715 980 920 1066 permittitur:
949 1003 1054 1046 omnes
1076 983 1250 1067 provincias
1278 983 1430 1066 obeundi,
1459 983 1559 1049 liberos

406 1084 534 1170 populos
556 1084 637 1167 agris
660 1083 824 1166 multandi,
848 1104 1012 1167 regnorum
1033 1083 1267 1150 adimendorum
1288 1105 1414 1150 summa
1435 1092 1560 1172 potestas

406 1188 511 1253 datur:
535 1209 605 1252 cum
627 1187 734 1269 velint,
758 1186 872 1250 Romae
895 1207 976 1269 esee,
1000 1208 1070 1251 cum
1092 1188 1285 1253 commodum
1308 1188 1359 1271 sit,
1381 1210 1559 1277 quacunque

406 1292 504 1357 velint
525 1311 645 1354 summo
667 1310 738 1353 cum
760 1289 888 1374 imperio
911 1289 1084 1372 iudicioque
1112 1309 1216 1353 rerum
1238 1289 1378 1353 omnium
1401 1292 1512 1375 vagari
1530 1297 1558 1355 ut

407 1393 507 1484 liceat,
531 1391 715 1456 conceditur.
760 1389 881 1455 Interea
909 1389 1080 1457 dissolvant
1100 1392 1215 1458 iudicia
1240 1392 1377 1477 publica:
1405 1393 1447 1458 de
1469 1395 1558 1459 consi·

494 1575 564 1616 vorent
577 1577 599 1616 et
610 1582 668 1622 caea.
680 1591 706 1603 -
719 1573 763 1613 eata
776 1572 864 1613 celsata.
883 1591 909 1602 -
932 1582 1048 1623 repereram
1062 1576 1182 1614 dandorum
1195 1584 1283 1619 summe.
1297 1593 1322 1603 -
1340 1575 1416 1624 datur,
1431 1586 1479 1618 erem
1492 1577 1557 1623 eattae

404 1645 484 1686 marce
498 1654 549 1685 ease.

404 1774 605 1829 dissimulatione
623 1773 756 1841 subiungit
771 1788 875 1825 caueam
891 1772 976 1826 dicere
990 1790 1040 1825 noo
1055 1771 1147 1836 licebit,
1166 1774 1238 1842 quasi
1256 1773 1304 1827 hoc
1322 1774 1467 1842 optandum
1488 1775 1556 1829 fuerit

324 1878 328 1885 ’
403 1862 508 1926 Xriris,
534 1864 562 1913 ut
580 1859 672 1911 iudicio
697 1858 785 1910 habito
803 1858 902 1927 integre
920 1874 947 1911 se
965 1860 1116 1926 magistratu
1143 1859 1245 1912 functos
1270 1874 1327 1912 esse
1346 1860 1555 1915 demonstrarent

405 1947 456 2000 Sed
475 1947 536 2013 quia
559 1959 628 1996 more
645 1944 762 1996 Romano
780 1943 902 2010 quamdiu
920 1945 1027 2012 quisque
1045 1944 1224 2012 magistratum
1241 1944 1316 2012 gerit,
1333 1945 1361 1997 in
1377 1946 1557 2001 iudiciumne

405 2035 458 2086 cari
477 2049 529 2085 non
546 2035 640 2101 potest,
658 2031 748 2084 Xuiris
771 2030 841 2083 intra
857 2032 1058 2099 quinquennium
1078 2031 1142 2083 illud
1164 2032 1337 2084 innocentiam
1360 2048 1437 2086 suam
1456 2034 1557 2103 probare

406 2135 456 2172 uon
475 2118 577 2171 licebat.
595 2145 629 2156 -
646 2117 689 2169 vet
706 2133 768 2183 quoe
785 2117 878 2169 volent
906 2116 998 2170 Verius
1015 2117 1066 2170 hoc
1082 2117 1183 2170 ridetur
1199 2132 1275 2184 quam
1293 2118 1362 2186 quod
1380 2135 1452 2173 nunc
1469 2112 1505 2172 ex¹
1519 2118 1556 2172 rni·

406 2205 477 2259 noris
500 2204 661 2257 auctoritatis
679 2202 767 2256 codice
784 2202 826 2255 edi
844 2203 911 2256 solet
929 2210 954 2256 et
971 2220 1033 2270 quoe
1056 2203 1148 2256 colent.
1183 2203 1271 2273 Neque
1294 2205 1407 2258 enimin
1425 2205 1485 2276 lege
1502 2208 1556 2267 erat,

408 2294 438 2343 ut
454 2290 530 2342 Xriri
550 2289 675 2358 aquibus
693 2288 797 2353 uellent,
815 2304 892 2358 agros
911 2292 1032 2354 emerent,
1050 2289 1096 2342 sed
1114 2293 1142 2341 ut
1160 2289 1224 2358 quos
1238 2291 1334 2344 vellent
1351 2306 1431 2361 agros
1444 2294 1555 2346 emerent

406 2376 490 2441 Quare
509 2375 596 2429 Cicero
616 2391 674 2428 cum
691 2374 839 2428 cumulandi
856 2390 934 2427 causa
952 2375 1061 2428 dixisset
1078 2393 1095 2426 a
1113 2374 1203 2442 quibus
1221 2377 1319 2439 colent,
1337 2378 1473 2446 corrigens
1491 2377 1556 2446 quasi

403 2476 431 2514 ae
448 2462 504 2528 ipse
522 2462 609 2528 (atque
632 2474 689 2511 eam
711 2459 842 2527 propriam
860 2461 926 2512 coni.
949 2461 992 2512 vet
1008 2460 1059 2512 rim
1078 2475 1134 2513 esse
1153 2461 1264 2525 constat)
1282 2460 1354 2514 addit
1376 2463 1423 2515 vel
1442 2480 1506 2530 quoe
1520 2479 1556 2515 eo

403 2548 463 2600 leret.
502 2546 583 2599 Paulo
601 2549 661 2613 post
678 2561 724 2599 cur
742 2549 832 2599 eontra
849 2547 963 2599 omnium
981 2546 1114 2599 meliorum
1135 2546 1251 2600 codicum
1270 2562 1426 2601 consensum
1445 2550 1554 2619 cuiquan

403 2632 505 2701 placere
523 2632 615 2691 debeat
637 2631 692 2683 auia
710 2632 819 2695 colonia,
846 2647 898 2684 non
925 2631 1049 2685 videmus
1096 2632 1218 2697 Quamuis
1239 2634 1308 2686 enim
1325 2633 1419 2687 Rullus
1439 2642 1492 2689 non
1507 2638 1554 2688 tota

405 2718 500 2786 oppida
518 2718 615 2770 colonis
628 2718 775 2786 compleret,
785 2718 830 2771 sed
848 2733 892 2770 eos
905 2720 1006 2770 tantum
1024 2733 1107 2787 agree,
1125 2734 1189 2787 quos
1201 2718 1313 2784 emisset,
1332 2724 1482 2789 occuparet,
1498 2712 1554 2774 sole

403 2805 467 2857 bant
484 2806 571 2856 tamen
588 2803 675 2872 plures
692 2804 719 2857 in
737 2804 846 2857 eundem
863 2804 948 2857 locum
966 2804 1070 2869 deduci,
1093 2805 1136 2872 qui
1155 2821 1212 2858 cum
1230 2821 1281 2858 unc
1303 2822 1335 2859 ex
1353 2820 1451 2875 genere
1468 2808 1554 2868 essent,

401 2891 471 2942 intra
488 2888 584 2958 oppida
602 2890 758 2958 peculiarem
776 2890 887 2957 aliquam
906 2906 936 2944 ac
955 2906 1027 2943 suam
1051 2891 1176 2944 coloniam
1195 2890 1348 2945 efficiebant
1384 2891 1519 2947 Suadebat
1532 2890 1553 2944 id

401 2993 459 3031 cum
477 2977 608 3045 potentiae
631 2977 745 3030 studium
762 2978 831 3041 (nam
849 2978 893 3045 qui
912 2994 927 3030 a
944 2977 1020 3030 Rullo
1039 2977 1142 3031 deducti
1165 2981 1251 3042 erant,
1270 2978 1380 3031 eundem
1397 2982 1475 3032 erant
1492 2978 1553 3033 adiu·

402 3064 464 3126 turi)
482 3067 535 3115 tum
553 3062 617 3115 haec
635 3063 743 3127 utilitas,
761 3078 793 3115 ne
811 3078 900 3116 recens
918 3062 1021 3115 deducti
1039 3063 1123 3116 coloni
1140 3064 1228 3131 inopia
1250 3064 1456 3118 necessariorum
1473 3077 1553 3119 rutena

401 3148 583 3213 dilaberentur,
601 3149 803 3218 dictatoremque
819 3147 962 3212 Caesarem,
981 3149 1025 3217 qui
1042 3149 1099 3216 ipsa
1116 3148 1172 3213 hac,
1191 3164 1266 3216 quam
1284 3149 1376 3203 Rullus
1393 3149 1505 3215 ferebat,
1519 3166 1552 3203 ra·

401 3237 470 3288 tione
488 3237 593 3290 colonos
611 3236 725 3300 deduxit,
743 3235 859 3288 colonias
877 3234 943 3287 tales
955 3234 1101 3287 condidisse
1115 3235 1219 3287 scimus,
1237 3263 1270 3272 —
1286 3251 1427 3303 regnorum
1445 3236 1553 3289 edim·

400 3321 498 3374 dorric.
526 3322 601 3386 Quod
619 3322 709 3374 vitium
726 3321 753 3372 in
771 3320 890 3374 omnibus
904 3320 1034 3374 codicibus
1044 3324 1084 3373 est
1095 3335 1233 3389 reynerum
1249 3322 1291 3374 eet
1302 3320 1458 3388 dandorum,
1468 3335 1552 3391 parum

399 3411 468 3460 recte
484 3408 652 3460 emendarunt
669 3405 781 3460 editores
794 3409 838 3458 aut
855 3406 957 3459 sublata
975 3407 1154 3462 coniunctione
1171 3407 1214 3460 vel
1225 3409 1269 3459 aut
1281 3406 1367 3461 addito
1384 3408 1429 3460 vel
1446 3408 1553 3461 adimer-

400 3493 498 3546 doruor.
535 3493 597 3558 Quis
620 3495 687 3546 enim
710 3494 786 3562 putat
802 3492 893 3546 Xriris
911 3492 977 3545 hanc
995 3496 1149 3561 potestatem
1167 3507 1223 3546 esse
1240 3508 1402 3557 concessam,
1427 3498 1459 3548 ut
1480 3508 1552 3561 regna

399 3581 488 3634 liceret
506 3581 584 3633 dare?
617 3581 697 3634 Immo
714 3579 781 3632 hanc
798 3596 876 3631 unam
895 3581 928 3632 ob
952 3595 1055 3633 causam
1078 3583 1177 3633 tantum
1196 3580 1406 3648 permittebatur,
1430 3583 1461 3634 ut
1482 3594 1552 3647 agros

400 3666 543 3720 dividerent
560 3666 638 3736 plebi.
675 3666 758 3730 Quare
782 3666 888 3719 concedi
906 3670 1020 3734 poterat,
1043 3671 1072 3720 ut
1087 3668 1228 3721 adimerent
1249 3682 1337 3735 regna,
1354 3667 1372 3721 i.
1390 3682 1414 3721 e.
1432 3670 1463 3722 ut
1479 3681 1551 3736 regna

401 3753 526 3821 quaedam
543 3753 633 3823 populi
650 3752 761 3807 Romani
778 3752 846 3806 facta
863 3769 921 3807 esse
939 3753 1082 3808 iudicarent
1098 3755 1179 3822 iisque
1200 3753 1309 3806 uenditis
1328 3768 1405 3822 agros
1424 3753 1459 3806 ad
1480 3752 1551 3807 dedu·

401 3842 508 3894 cendam
526 3841 627 3909 plebem
646 3842 837 3907 compararent;
861 3844 890 3892 ut
907 3855 974 3894 nora
990 3857 1071 3910 regna
1088 3840 1236 3905 conderent,
1254 3839 1360 3894 concedi
1377 3854 1430 3893 non
1446 3841 1551 3910 peterat

391 3926 453 3995 ‚Nec
470 3927 565 3979 liberos
582 3926 692 3994 populos
715 3924 777 3978 dicit
794 3926 845 3978 nisi
868 3927 936 3996 agris
959 3936 1037 3995 pesse
1054 3926 1175 3988 multari,
1202 3940 1254 3979 non
1281 3925 1353 3978 addit
1375 3939 1456 3994 posse
1478 3927 1550 3979 etiarn

397 4013 495 4065 donari.
527 4011 645 4078 Respicit
662 4013 747 4063 autem
765 4011 846 4064 oratio
864 4010 898 4063 ad
915 4026 995 4080 regna
1014 4010 1128 4078 Aegypti
1145 4013 1172 4062 et
1187 4006 1334 4079 Bithyniae.
1373 4009 1450 4074 Quod
1470 4014 1551 4064 autea

398 4098 457 4152 huic
475 4097 617 4151 sententiae
635 4096 756 4164 subiungi
773 4096 872 4150 solebat
890 4097 922 4149 ab
947 4096 1066 4150 omnibus
1088 4095 1231 4149 editoribus
1254 4113 1312 4148 cara
1335 4095 1431 4160 valiat,
1457 4110 1507 4149 nos
1523 4092 1551 4147 ad

398 4200 436 4247 ea,
455 4199 519 4252 quae
536 4184 711 4252 insequuntur,
721 4183 870 4248 retulimus.
906 4182 973 4236 Nam
997 4184 1114 4250 potestas
1138 4181 1214 4234 datur
1236 4180 1382 4256 uolentibus
1400 4184 1428 4234 et
1448 4180 1551 4235 nolenti·

397 4270 445 4322 bus
464 4269 573 4338 pariter,
590 4270 726 4338 insequens
754 4271 839 4322 autem
857 4254 984 4321 sententia
1001 4269 1087 4320 tamen
1105 4267 1183 4332 nihil,
1209 4267 1277 4336 qued
1303 4266 1444 4333 redundet,
1469 4266 1549 4321 natet

397 4353 461 4407 Cum
479 4354 577 4420 volunt,
593 4356 683 4410 Xuiris
701 4358 763 4411 licet
780 4358 877 4411 Romae
887 4371 960 4422 esse,
978 4371 1035 4408 curn
1052 4355 1142 4408 rolunt
1159 4357 1229 4420 (nam
1248 4356 1298 4409 hoc
1314 4358 1354 4407 est
1371 4371 1431 4408 curn
1448 4368 1550 4409 comete

397 4438 458 4492 duro
476 4441 532 4505 eet),
549 4445 621 4496 extra
638 4445 726 4513 uagari
744 4447 771 4497 et
782 4442 885 4511 quidem
903 4456 1053 4512 quacunque
1070 4440 1167 4495 volunt
1185 4468 1218 4479 -
1228 4440 1373 4493 dissolvant
1388 4440 1493 4494 iudicia
1505 4456 1550 4510 pe

396 4525 464 4579 blica
481 4543 518 4596 sq.
554 4529 680 4584 Nimirum
698 4532 759 4600 quia
776 4531 818 4583 lex
836 4529 869 4582 ad
886 4529 983 4582 Xuiros
1001 4529 1090 4581 referri
1108 4528 1186 4592 iubet,
1205 4527 1326 4595 quiequid
1343 4527 1375 4580 ab
1393 4526 1549 4599 imperatori

396 4613 445 4667 bus
463 4630 524 4684 pop.
543 4616 650 4670 Romani
668 4616 779 4686 praedae
797 4631 826 4669 ac
843 4615 1022 4668 manubiarum
1039 4617 1141 4682 partum
1158 4617 1221 4678 erat,
1243 4628 1318 4666 omne
1334 4613 1367 4666 de
1385 4614 1427 4668 liis
1445 4614 1548 4685 impera·

395 4701 496 4757 toribus
513 4702 634 4768 iudicium
659 4702 692 4755 ad
709 4702 806 4757 Xriros
833 4700 962 4757 transibat
985 4700 1173 4767 tollebatnrque
1200 4700 1326 4768 imprimis
1351 4700 1547 4769 repetundum
