3550 5492
768 608 1003 672 -177-

308 771 403 824 iudicat
420 769 473 824 Gie.
491 771 566 838 epist
578 769 598 835 l,
616 771 640 834 9,
658 769 705 825 25:
723 769 827 840 Appias
845 771 919 835 (cos.)
937 772 965 822 in
983 770 1140 824 semoribus
1161 778 1238 825 antec
1257 771 1401 837 dictitabat,
1417 791 1462 843 po·

308 863 362 908 etea
379 854 449 908 dicit
465 855 543 908 etium
555 855 584 906 iu
601 861 692 908 senatu
705 855 806 923 palum,
823 871 886 919 scae,
904 855 929 907 si
946 855 1045 909 licitam
1062 861 1129 908 esset
1145 855 1223 924 legem
1238 857 1368 912 eurietom
1379 858 1462 926 ferre,

308 941 458 994 sortiturum
475 956 529 994 esee
546 958 604 994 curu
625 941 723 1010 collega
743 941 922 1011 prouinciam.-
945 942 970 992 st
987 941 1092 994 curiata
1115 941 1157 993 lec
1171 958 1224 994 aon
1241 950 1318 1007 esset,
1340 960 1366 997 ec
1381 960 1463 1013 puro-

308 1034 392 1081 turum
411 1043 468 1079 arm
486 1025 585 1094 collega
603 1024 697 1094 tibique
715 1027 751 1090 (in
769 1025 896 1089 Ciliciam)
913 1040 1102 1078 successurum:
1120 1024 1200 1094 tepere
1218 1028 1347 1081 curiatam
1364 1030 1465 1082 coemit

303 1111 374 1178 scari
387 1128 454 1181 opas
471 1127 533 1174 esse,
550 1126 651 1164 necesse
668 1128 720 1163 noa
737 1127 804 1164 esse.-
822 1126 857 1173 se,
875 1111 997 1177 quonium
1014 1126 1046 1163 ec
1063 1112 1283 1164 senatusconsulto
1296 1115 1463 1181 proclamans

307 1196 423 1262 baberet,
440 1199 494 1266 lege
513 1195 633 1251 Cornelia
655 1198 791 1268 imperium
812 1195 973 1259 habitururn,
991 1195 1079 1264 quoad
1098 1197 1127 1249 in
1150 1195 1236 1248 urbem
1253 1197 1396 1252 introisset.
1431 1199 1463 1253 In

308 1298 355 1352 quo
373 1282 442 1347 loco,
463 1285 486 1336 si
502 1283 582 1336 rerba
598 1283 727 1337 Ciceronis
744 1283 872 1352 explicare
890 1282 1019 1351 Appiique
1036 1299 1091 1347 rcs,
1109 1282 1235 1352 quomodo
1258 1284 1285 1337 in
1305 1285 1463 1353 prouinciam

307 1370 436 1438 proiectus
449 1374 526 1436 esset,
540 1371 832 1439 quomodotriumphum
848 1370 962 1440 petisset,
982 1369 1109 1438 quomodo
1123 1369 1230 1437 denique
1245 1374 1380 1424 accusatus
1394 1377 1464 1425 esset

307 1456 456 1525 maiestatis,
475 1457 538 1510 haec
556 1457 579 1510 si
595 1457 715 1525 persequi
731 1456 863 1522 vellemus,
880 1471 979 1524 magna·
992 1456 1147 1525 essetcopia
1158 1455 1316 1524 disputandi.
1343 1457 1394 1510 Sed
1412 1472 1463 1511 non

307 1539 331 1592 it
349 1539 463 1606 agimus:
489 1540 643 1608 intelligitur
664 1542 731 1594 enim
755 1557 787 1594 ex
805 1541 883 1610 Appii
905 1543 1004 1607 verbis,
1026 1543 1137 1596 hominis
1161 1542 1348 1610 religiosissimi
1374 1545 1462 1612 reique

307 1622 424 1695 publicae
441 1625 599 1693 peritissimi,
617 1628 718 1679 consuli
729 1626 808 1695 legem
820 1629 950 1682 cumaeum
962 1628 1036 1696 sarri
1051 1645 1116 1699 opus
1133 1644 1195 1692 esee,
1213 1644 1313 1682 accerse
1330 1646 1382 1681 noa
1400 1645 1461 1694 esee,

308 1711 455 1778 quantulum
472 1712 666 1780 magistratibus
684 1713 820 1781 potestatis
838 1729 870 1766 ea
887 1716 1005 1783 neglecta
1021 1714 1177 1768 detrabatur.
1206 1714 1236 1767 Iu
1253 1714 1461 1769 extraordinariis

309 1795 408 1863 quidem
425 1797 596 1865 potestatibus
614 1800 670 1851 erat
687 1798 765 1850 etiarn
782 1801 852 1850 certa
868 1799 1010 1853 eludendas
1033 1800 1098 1868 legis
1116 1799 1229 1854 cusano
1247 1800 1325 1866 ratio,
1344 1802 1461 1855 nimirum

308 1870 330 1933 si¹
345 1882 375 1933 in
391 1882 457 1951 lege,
473 1897 524 1950 qua
540 1880 652 1948 fiebant,
667 1883 838 1936 ascriberetur
855 1884 979 1952 primum,
1002 1900 1034 1937 ne
1054 1883 1144 1938 liceret
1166 1884 1323 1938 intercedere
1345 1886 1461 1940 tribunos

308 1968 389 2035 plebis
406 1970 455 2032 (ita
471 1970 540 2021 enim
562 1970 617 2022 eius
640 1984 691 2023 non
708 1969 828 2023 terendae
845 1987 897 2023 una
918 1970 972 2023 iere
995 1970 1167 2040 negligentiae
1189 1972 1318 2025 excusatio
1337 1972 1462 2039 relinque·

308 2053 400 2119 batur),
419 2054 510 2107 deinde
528 2055 551 2107 si
566 2059 706 2120 careretur,
723 2060 752 2109 ut
769 2056 885 2124 quamvis
903 2069 955 2107 non
972 2055 1026 2107 lata
1042 2055 1098 2122 lege
1116 2058 1203 2107 tamen
1220 2056 1264 2123 qui
1280 2055 1372 2110 fierent
1382 2058 1461 2109 'cura-

306 2142 375 2194 tores
393 2142 450 2208 pari
466 2141 523 2194 iure
540 2145 627 2194 esseut
644 2157 694 2210 quo
712 2143 756 2210 qui
774 2142 870 2210 optima
887 2141 952 2209 lege.
991 2140 1133 2209 Utrumque
1149 2156 1211 2193 uum
1234 2142 1337 2210 saepius
1355 2158 1462 2212 usurpa·

307 2229 361 2280 tum
378 2229 421 2292 sit,
438 2243 489 2281 non
507 2227 616 2281 traditur
633 2228 666 2281 ab
683 2228 864 2296 scriptoribus,
888 2227 933 2280 sed
951 2225 1083 2294 probabile
1101 2224 1201 2279 ridetur
1224 2242 1281 2281 esse
1302 2233 1461 2296 usurpatum.

306 2309 374 2366 llam
391 2329 439 2368 nee
456 2315 545 2370 Cicero
562 2317 587 2369 h.
605 2316 623 2369 l.
641 2317 767 2369 neminem
790 2316 818 2368 id
835 2319 895 2369 ante
918 2316 1010 2368 iecisse
1033 2314 1096 2369 dicit
1117 2330 1164 2366 nec
1186 2320 1315 2370 curatores
1338 2319 1462 2385 agrarios,

305 2397 432 2468 imprimis
449 2402 555 2456 Illviros
574 2401 749 2470 Sempronius,
768 2418 825 2455 cum
836 2403 989 2456 invitissima
1007 2402 1141 2454 nobilitate
1152 2400 1244 2454 fierent
1260 2404 1401 2472 meritoque
1418 2420 1479 2458 ro·-

305 2481 399 2538 luntati
417 2489 550 2541 consulum
569 2491 595 2540 et
612 2492 758 2556 praetorum
777 2488 942 2552 diffideretur,
957 2489 1095 2556 probabile·
1109 2491 1149 2539 est
1166 2503 1217 2540 non
1234 2488 1284 2540 hoc
1300 2489 1462 2556 potissimum

306 2571 383 2624 modo
405 2572 463 2640 lege
485 2574 596 2637 curiata,
622 2591 672 2641 qua
690 2589 754 2642 opus
774 2574 911 2638 haberent,
938 2588 995 2626 esse
1017 2577 1128 2626 ornatos.
1162 2573 1304 2641 Utrumque
1328 2590 1389 2627 suae
1410 2574 1463 2645 legi

305 2658 461 2724 ascripserat
478 2658 577 2722 Rullus,
595 2660 640 2726 qui
656 2659 725 2726 quod
742 2660 962 2713 vehementissime
979 2674 1035 2711 eam
1053 2659 1088 2711 ob
1105 2673 1241 2711 causam-a
1258 2658 1379 2713 cicerone
1397 2662 1462 2714 vitu·

303 2746 411 2806 peratur
428 2741 555 2810 legesque·
566 2743 655 2796 tollere
673 2759 703 2796 ae
720 2744 882 2797 tribuniciam
895 2746 1048 2812 potestatem
1066 2743 1214 2796 imminuere
1232 2745 1356 2813 arguitur,
1373 2760 1461 2798 rursus

305 2827 417 2879 oratorie
434 2824 472 2890 fit,
490 2842 541 2878 uon
558 2842 591 2879 ex
608 2827 645 2879 rei
662 2828 777 2880 ueritate.
813 2826 880 2880 Nam
898 2828 921 2880 si
938 2828 1035 2885 tribuni
1051 2814 1134 2895 plebis
1152 2838 1205 2881 non
1222 2826 1374 2886 tribuniciae
1391 2834 1463 2898 pote-

307 2912 390 2974 statis,
408 2911 453 2963 sed
471 2911 553 2980 plebis
571 2913 680 2967 tuendae
703 2929 781 2966 causa
797 2914 911 2967 instituti
928 2917 1000 2978 suut,
1019 2913 1106 2981 quidni
1124 2912 1207 2980 plebi,
1225 2914 1249 2964 si
1265 2915 1302 2966 ita
1320 2929 1352 2965 ex
1369 2930 1397 2966 re
1415 2930 1463 2967 sua

308 3010 363 3049 esse
380 2996 484 3060 iudicet,
502 2997 580 3050 liceat
592 2997 680 3050 tollere
697 2998 925 3051 intercessionem?
950 2997 991 3051 Ae
1007 2997 1140 3061 rursus,.ei
1158 2996 1218 3049 olim
1230 2996 1300 3065 plebi
1317 2997 1396 3062 licuit,
1415 3013 1463 3066 pro

308 3084 412 3136 curiatis
424 3085 519 3136 tributa
531 3085 635 3137 comitia
650 3086 784 3139 instituere
797 3100 827 3137 ac
838 3084 962 3152 patricios
975 3099 1073 3152 cogere,
1085 3086 1114 3134 ut
1125 3083 1153 3135 in
1164 3083 1290 3135 incertum
1302 3084 1463 3136 comitiorum

309 3172 433 3233 eventum,
454 3172 571 3221 auctores
594 3168 698 3233 fierent,
730 3185 775 3221 cur
803 3184 855 3222 nou
883 3169 961 3221 liceat
986 3168 1058 3237 plebi
1077 3167 1161 3235 legem
1183 3167 1319 3232 curiatam,
1344 3183 1409 3236 quae
1430 3184 1462 3221 ex

309 3256 458 3309 auctoritate
484 3258 586 3323 patrum
614 3259 640 3306 et
664 3255 775 3308 comitiis
808 3255 913 3308 cunetis
943 3256 1056 3317 constet,
1082 3268 1129 3305 sua
1151 3253 1208 3319 lege
1230 3253 1368 3322 suppleret
1409 3254 1463 3307 Neo

309 3340 423 3406 proiecto
435 3339 523 3393 Cicero
540 3357 648 3408 nsquam
666 3357 718 3393 nou
729 3341 805 3393 licere
822 3341 892 3408 plebi
910 3342 954 3404 ait,
972 3340 1018 3393 sed
1034 3340 1146 3408 primum
1157 3339 1205 3392 hoc
1222 3344 1304 3408 urget,
1322 3340 1392 3409 quod
1407 3342 1463 3394 sine

308 3424 365 3478 ullis
383 3427 494 3479 comitiis
513 3423 591 3478 Xuiri
609 3428 809 3490 constituuntur,
832 3429 900 3490 tum,
923 3426 991 3494 quod
1012 3425 1103 3480 Rullus
1125 3425 1332 3478 intercessionem
1356 3426 1463 3479 tribuni·

308 3513 371 3565 cium
391 3514 520 3581 expressis
532 3513 618 3566 verbis
635 3513 782 3574 sustulerat,
799 3516 929 3581 tamquam
941 3514 1031 3566 inutile
1049 3529 1080 3566 ac
1097 3528 1314 3582 superuacaneum
1326 3512 1462 3578 vituperat.

301 3596 389 3652 ¹iliter
406 3599 464 3666 ipse
487 3601 569 3653 sensit
586 3599 675 3653 Cicero
694 3615 761 3653 anno
778 3599 811 3652 43
828 3600 855 3652 in
872 3615 971 3652 summa
989 3599 1145 3667 reipublicae
1162 3598 1321 3661 calamitate,
1341 3611 1399 3648 cum
1416 3597 1463 3647 im·

306 3684 396 3750 primis
420 3687 509 3739 auctor
531 3691 611 3750 esset,
632 3689 662 3739 ut
684 3684 789 3738 Caesari
811 3685 952 3739 Octauiano
975 3685 1160 3753 rempublicam
1184 3685 1261 3736 armis
1284 3682 1406 3735 adversus
1428 3680 1461 3733 ll.

306 3762 446 3823 Antonium
463 3774 545 3826 tuenti
569 3774 705 3840 imperium
726 3772 835 3825 daretur.
870 3771 937 3824 Nam
954 3771 1019 3823 Phil.
1038 3770 1074 3831 V,
1094 3770 1138 3832 lo,
1155 3768 1190 3822 45
1207 3769 1295 3820 demae
1312 3767 1406 3834 igitur,
1423 3765 1462 3816 in·

306 3857 369 3922 quit,
386 3857 524 3926 imperium
542 3856 657 3919 Caesari,
676 3858 731 3909 eine
749 3873 798 3924 quo
815 3872 856 3908 res
874 3855 997 3909 militaria
1015 3852 1209 3914 adruiuietrcri,
1228 3851 1310 3904 teucri
1326 3848 1462 3913 esaeiae,

306 3929 398 3994 iciam
413 3957 471 4010 gers
489 3959 540 3995 aon
554 3950 653 4012 potest.-
670 3945 704 3995 sit
719 3959 768 4012 pro
785 3949 907 4011 praetore
926 3957 954 3994 co
971 3941 1029 3992 iure
1047 3956 1095 4006 qrto
1114 3938 1159 4005 qui
1175 3937 1277 4007 optimo.
1307 3935 1374 4002 Nam
1392 3934 1461 4003 quod

306 4025 409 4080 Caesari
426 4028 562 4095 imperium
579 4027 691 4096 petebat,
709 4041 759 4095 quo
777 4025 822 4078 ille
840 4025 872 4077 ad
890 4024 985 4078 bellum
1004 4020 1142 4090 gerendum
1166 4036 1259 4074 usurus
1277 4023 1357 4082 esset,
1375 4019 1402 4070 id
1418 4033 1461 4071 re·

306 4113 359 4163 tere
376 4127 448 4164 more
465 4113 515 4165 nisi
536 4111 593 4179 lege
616 4112 716 4164 curiata
738 4111 793 4163 dari
816 4125 868 4162 nou
884 4112 998 4177 poterat:
1025 4109 1097 4159 cuius
1118 4104 1238 4157 terendae
1260 4119 1317 4156 cum
1339 4104 1367 4155 in
1389 4106 1461 4156 tanto

305 4196 416 4249 tumultu
433 4198 477 4250 vix
494 4198 575 4250 otium
592 4201 672 4261 esset,
690 4197 767 4248 etiam
790 4198 940 4249 intercessio
957 4195 1095 4249 tribunicia
1112 4194 1257 4256 timeretur,
1281 4190 1342 4242 addi
1358 4189 1462 4243 uolebat

305 4278 370 4349 legi,
387 4285 417 4335 ut
433 4284 550 4351 quamvis
568 4283 624 4350 lege
643 4283 741 4335 curiata
758 4297 810 4335 non
833 4282 886 4334 lata
904 4286 989 4334 tamen
1005 4281 1049 4333 ille
1066 4281 1170 4348 praetor
1188 4279 1257 4330 esset
1278 4291 1307 4328 eo
1325 4276 1392 4339 iure,
1410 4289 1459 4342 quo

304 4368 347 4434 qui
364 4368 471 4436 optimo.

380 4453 515 4521 ¹Apparet,
526 4454 627 4521 opinor,
645 4468 677 4504 ex
689 4456 781 4505 natura
797 4451 863 4520 legis
882 4450 995 4503 curiatae
1008 4450 1113 4518 eiusque
1125 4444 1265 4500 eludendas
1277 4445 1384 4509 artibus,
1396 4459 1461 4512 quae

305 4537 438 4605 expositae
457 4540 525 4602 suut,
543 4524 698 4606 qffentopere
715 4537 773 4603 ipsa
790 4523 832 4588 res
849 4535 876 4588 in
894 4549 965 4587 more
982 4534 1038 4586 solo
1056 4546 1087 4585 ac
1103 4532 1188 4600 specie
1206 4531 1257 4584 sita
1273 4529 1357 4583 fuerit.
1392 4529 1461 4583 Num

303 4621 382 4690 igitur
398 4622 521 4677 lationem
538 4624 604 4692 legis
622 4627 780 4696 negligenter
797 4625 894 4676 iactam
911 4625 987 4689 atque
1005 4620 1039 4674 ad
1051 4615 1162 4688 speciem
1181 4620 1281 4756 langiu
1298 4616 1460 4669 observatam
