3550 5492
817 583 1031 649 ...54....

346 757 401 841 qui
422 755 496 818 haec
518 753 788 832 machinabantur,
813 751 840 813 si
863 748 950 813 robis
972 769 1009 810 ex
1033 747 1116 810 omni
1138 746 1250 830 populo
1273 745 1432 829 deligendi
1453 768 1497 833 po-

345 865 441 923 testas
464 863 546 921 esset
567 855 648 937 data,
671 873 870 938 quaecunque
893 872 942 914 res
965 854 1061 929 esset,
1084 847 1118 910 in
1141 868 1202 931 qua
1223 847 1309 930 fides,
1332 848 1498 932 integritas,

288 955 290 961 ’
345 963 457 1043 virtue,
480 960 645 1025 auctoritas
668 962 880 1042 quaereretur,
908 975 962 1019 vos
985 973 1054 1015 eam
1076 951 1144 1016 sine
1166 948 1357 1016 dubitatione
1390 952 1432 1016 ad
1453 953 1499 1016 Cn.

346 1064 527 1149 Pompeium
549 1062 720 1148 principem
743 1061 905 1125 delaturos.
945 1055 1069 1120 Etenim
1091 1074 1182 1138 quem
1204 1073 1303 1119 unum
1326 1074 1365 1118 ex
1390 1057 1500 1122 cunctis

347 1165 554 1250 delegissetis,
577 1170 613 1228 ut
640 1185 711 1226 eum
740 1162 883 1226 omnibus
913 1159 1052 1223 omnium
1082 1156 1221 1240 gentium
1248 1156 1339 1222 bellis
1367 1165 1454 1223 terra
1478 1167 1502 1225 et

347 1269 426 1334 mari
447 1267 684 1353 praeponeretis,
708 1271 788 1329 certo
810 1265 845 1328 in
860 1263 965 1328 Xuiris
987 1260 1143 1342 faciendis,
1166 1261 1232 1326 sive
1253 1261 1329 1326 fides
1344 1262 1502 1328 haberetur

348 1372 413 1437 sive
435 1370 542 1452 honos,
564 1375 595 1434 et
616 1367 768 1432 committi
789 1367 863 1430 huic
891 1365 1004 1450 optime
1033 1371 1063 1429 ct
1090 1364 1193 1428 ornari
1224 1364 1306 1429 hunc
1335 1365 1503 1432 iustissime

306 1487 437 1562 leposse
458 1470 682 1556 intelligebant.
726 1471 834 1554 Itaque
856 1470 1006 1557 excipitur
1033 1469 1091 1535 heo
1119 1468 1186 1554 loge
1207 1490 1270 1534 non
1292 1469 1502 1555 adolescentia

435 1651 496 1687 terro
509 1647 614 1693 mamque.

349 1783 425 1819 mone
444 1770 492 1831 est,
509 1767 536 1819 in
554 1766 668 1820 oratione
687 1766 823 1834 diligenter
841 1765 937 1832 scripta
959 1765 1042 1833 repeti
1058 1780 1109 1817 non
1128 1763 1216 1818 debuit
1238 1780 1285 1818 neo
1306 1769 1378 1820 recte
1396 1771 1506 1822 statuunt

349 1853 452 1921 saepius
470 1852 618 1906 Ciceronem
635 1853 684 1906 hac
702 1852 858 1921 negligentia
874 1866 951 1904 usum
968 1867 1041 1915 esse,
1058 1854 1087 1903 ut
1104 1866 1218 1904 severam
1235 1853 1413 1908 membrorum
1431 1857 1505 1910 seiun

348 1939 457 1992 ctionem
475 1938 596 2015 turbaret.
631 1938 733 1991 Etenim
750 1939 783 1991 de
799 1939 843 1991 lin.
861 1938 894 2002 Il,
912 1937 942 2003 5,
963 1939 993 1992 15
1012 1938 1056 1991 ubi
1073 1942 1113 1991 est
1131 1939 1155 1991 ei
1172 1946 1269 1992 aut-
1287 1947 1337 1992 aut
1353 1958 1416 1994 cum
1432 1945 1504 1996 toan

347 2024 488 2076 orationem
505 2025 695 2076 mutatamesse
717 2027 833 2092 apparet,
850 2024 962 2092 itemque
974 2025 1007 2078 ad
1017 2022 1070 2078 Aa.
1082 2023 1153 2088 111‚4
1170 2040 1202 2077 ue
1215 2032 1241 2078 et
1257 2024 1338 2080 Sicca
1359 2054 1397 2075 -.-
1411 2029 1506 2098 periret

347 2116 372 2163 et
388 2109 507 2177 quod-
520 2125 572 2160 aon
590 2107 695 2173 licebat·
713 2110 773 2162 nam
790 2110 824 2162 ad
836 2109 888 2162 Att.
899 2108 968 2174 Illo
988 2109 1017 2161 ie
1035 2110 1072 2162 etr
1090 2117 1116 2163 et
1126 2117 1156 2163 ut
1167 2111 1195 2163 tn
1207 2109 1292 2183 Epiro
1311 2112 1505 2166 coartateremoe

255 2244 259 2251 .
349 2203 374 2250 et
396 2196 428 2250 de
450 2196 558 2265 reliqua
580 2195 655 2249 rebus
679 2204 722 2250 too
745 2197 853 2250 coneilio
870 2204 1001 2250 uteremur
1018 2195 1214 2265 diligentissime
1236 2198 1413 2252 membrorum
1430 2198 1506 2253 direr-

350 2284 413 2336 sitas
432 2283 569 2336 observata
586 2285 634 2336 est.
669 2282 759 2352 Itaque
777 2281 928 2352 relinquitur
946 2280 1128 2344 Oicorat44,
1142 2280 1192 2334 149
1212 2278 1506 2363 collocabunturoerta

348 2373 379 2419 at
395 2374 442 2419 aut
459 2394 492 2404 -
510 2373 558 2419 out
573 2374 605 2419 ut
619 2394 652 2404 —
671 2373 718 2419 aut
734 2374 770 2430 et,
788 2366 845 2420 Liv.
856 2366 939 2431 flet,
958 2366 974 2418 2
988 2365 1159 2435 postulabant
1174 2374 1205 2419 ut
1221 2374 1269 2420 aut
1284 2367 1400 2436 referret
1416 2399 1450 2408 -
1467 2376 1507 2425 cut

348 2460 385 2517 at,
402 2470 453 2522 quo
470 2457 577 2522 utroque
595 2453 650 2506 loco
668 2452 855 2507 emendandum
873 2456 926 2516 est,
944 2465 1025 2519 neque
1043 2450 1070 2503 id
1089 2455 1133 2504 aut
1155 2451 1222 2520 apud
1240 2451 1389 2508 Ciceronem
1410 2455 1506 2510 difficile
1543 2524 1545 2529 Ι

350 2531 394 2590 aut
409 2538 438 2590 in
454 2538 620 2590 Lirianorum
638 2537 753 2591 codicum
771 2538 870 2590 ratione
887 2553 939 2589 nou
957 2536 1098 2604 probabile.
1134 2538 1189 2590 Hoc
1207 2539 1322 2607 quidem,
1340 2540 1373 2592 de
1392 2557 1445 2610 quo
1463 2542 1506 2595 dis

349 2626 478 2692 putamus,
496 2622 553 2677 loco
571 2623 649 2676 etiam
666 2622 731 2675 illud
747 2624 883 2677 molestum
901 2625 950 2685 est,
968 2621 1036 2688 quod
1054 2621 1097 2674 vix
1115 2625 1183 2675 recte
1207 2622 1277 2676 dicas
1295 2624 1372 2678 Rullo
1398 2642 1452 2680 non
1468 2642 1507 2696 po·

347 2710 427 2764 tuisse
449 2711 477 2762 in
500 2713 610 2763 mentem
633 2710 728 2763 venire.
764 2706 1035 2771 decernimini,
1058 2709 1174 2776 quamvis
1199 2709 1277 2763 stulto
1300 2726 1331 2763 ac
1352 2712 1444 2778 tardo,
1461 2728 1506 2767 uon

347 2795 444 2864 aliquid
462 2797 489 2849 in
506 2800 617 2850 mentem
640 2797 742 2849 veniat?
779 2795 931 2849 Addidimus
955 2792 1049 2860 igitur,
1071 2793 1133 2860 quid
1156 2794 1281 2858 venisset,
1309 2796 1506 2867 scripsimusqoo

347 2897 399 2933 aaa
416 2880 501 2933 littera
519 2880 618 2934 adiecta
636 2881 683 2933 ric.
701 2909 735 2917 -
753 2896 827 2949 quem
844 2896 932 2933 enarra
961 2878 1062 2931 Bellum
1080 2879 1217 2946 piraticum
1235 2881 1297 2935 dicit
1314 2885 1340 2934 et
1355 2883 1507 2937 Mithridati·

345 2982 411 3031 cum,
429 2966 497 3036 qnod
515 2971 680 3020 consecutum
697 2967 790 3030 estin
808 2982 857 3037 quo
876 2983 927 3021 non
944 2966 1020 3020 unius
1043 2966 1203 3033 prouinciae,
1229 2967 1275 3020 sed
1292 2984 1374 3036 prope
1398 2973 1507 3025 omnium

346 3050 689 3121 provinciarum-imperium
701 3050 748 3104 On.
760 3050 882 3119 Pompeio
892 3051 1004 3104 delatum
1022 3054 1087 3115 erat,
1104 3055 1134 3105 ut
1151 3055 1178 3105 et
1195 3057 1283 3122 gentes
1297 3070 1387 3108 omues
1399 3060 1427 3110 et
1444 3056 1507 3111 bella

333 3137 432 3190 ‘omnia
449 3137 667 3206 complecteretur.
695 3136 770 3200 Quod
788 3144 860 3190 terra
877 3138 989 3189 otmari
1006 3138 1043 3190 ait
1060 3138 1118 3203 (hoc
1136 3141 1205 3192 enim
1223 3143 1308 3193 tuetur
1324 3143 1444 3197 codicum
1460 3159 1506 3197 non

345 3221 425 3275 dubia
442 3223 599 3286 auctoritas),
617 3219 685 3273 idem
703 3213 796 3288 legitur
814 3220 848 3272 ad
864 3220 918 3273 Att.
927 3221 963 3286 X,
981 3224 1006 3286 4,
1024 3221 1054 3287 3;
1075 3222 1188 3291 alioquin
1207 3232 1279 3278 terra
1295 3228 1418 3295 sacrique
1434 3230 1506 3298 louge

345 3311 387 3360 est
403 3307 569 3376 frequentius.
586 3334 621 3345 -
638 3306 692 3359 aloe
703 3305 772 3373 fider
793 3305 931 3359 haberetur
953 3306 1007 3358 eive
1025 3307 1111 3359 bonor.
1139 3306 1181 3360 Ad
1198 3309 1276 3362 fidem
1298 3314 1425 3378 pertinet,
1443 3313 1506 3384 quod

347 3392 409 3445 dicit
422 3391 545 3461 Pompeio
561 3391 703 3446 iustissime
721 3391 846 3443 comtes·
863 3391 906 3455 (cf.
925 3408 1004 3462 supra
1022 3393 1055 3446 ad
1065 3395 1079 3459 ξ
1089 3393 1141 3459 20),
1152 3394 1185 3447 ad
1202 3395 1330 3461 lectorem,
1344 3399 1413 3466 qnod
1426 3400 1506 3454 ornari

347 3493 405 3530 eum
422 3479 572 3533 iustissime.

433 3563 475 3617 24.
492 3561 585 3631 Itaque
603 3562 734 3630 excipitur
751 3577 789 3629 sq.
824 3561 898 3614 Hanc
921 3566 1073 3618 sententiam
1093 3566 1177 3634 qualis
1194 3568 1222 3620 in
1241 3571 1335 3624 nostris
1354 3572 1412 3626 cod.
1431 3572 1506 3627 omui·

348 3649 396 3703 bns
413 3649 518 3718 legitur,
534 3647 644 3716 intelligi
664 3662 716 3700 non
733 3661 818 3714 posse,
835 3647 881 3700 sed
900 3653 945 3702 aut
962 3650 1050 3705 deesse
1069 3653 1166 3721 aliquid
1185 3658 1230 3708 aut
1247 3671 1384 3726 superesse
1403 3673 1506 3728 appare

347 3737 394 3790 bat
410 3737 585 3805 sentiebatque
594 3735 748 3804 Naugerius,
766 3736 810 3802 qui
827 3739 856 3788 ut
873 3737 1028 3804 particulam
1040 3738 1108 3791 enim
1125 3742 1194 3804 (nam
1212 3741 1313 3795 codices
1325 3744 1424 3798 habent
1431 3759 1507 3815 psae-

347 3830 441 3876 eeutem
459 3822 527 3876 euim
541 3823 662 3892 profiteri
678 3820 765 3886 iahed,
783 3838 848 3894 quae
866 3838 916 3890 quo
935 3823 1083 3892 pertineret,
1101 3840 1152 3878 non
1167 3826 1287 3892 habebat,
1306 3829 1416 3894 tolleret,
1430 3845 1505 3900 prce·

347 3915 442 3962 reatem
459 3923 516 3960 eom
529 3907 651 3976 profiteri
667 3906 736 3960 lubet
753 3907 869 3975 scripsit:
888 3909 958 3976 quod
979 3927 1070 3978 parum
1089 3916 1156 3965 certe
1179 3914 1340 3982 probandum
1358 3920 1407 3969 est.
1443 3916 1506 3970 Nam

347 4010 394 4047 nec
411 3992 561 4047 nominatim
572 3993 726 4061 Pompeium
742 3993 770 4046 in
784 3992 844 4062 ¹lege
861 3997 997 4062 exceptum
1014 4010 1072 4048 esse
1090 4000 1202 4062 constat,
1220 4014 1281 4063 uec,
1299 4001 1322 4053 si
1340 3999 1372 4052 dc
1389 4001 1505 4055 omuibus

348 4081 468 4134 universe
485 4079 593 4145 dicatur,
610 4096 752 4149 pronomen
769 4081 831 4134 ferri
849 4083 942 4149 potest.
973 4081 1008 4132 At
1020 4081 1087 4133 enim
1106 4081 1231 4138 Graevius
1249 4101 1282 4138 ex
1299 4102 1449 4153 paucorum,
1466 4087 1507 4156 qui

346 4163 379 4218 in¹
392 4164 531 4219 Germania
547 4171 629 4231 erant,
646 4167 761 4220 codicum
778 4166 829 4219 tide
847 4165 941 4220 edidit:
960 4184 993 4219 ac
1012 4167 1108 4237 lapibus
1121 4167 1282 4239 'tripart-ttae,
1308 4188 1369 4226 reus
1391 4174 1506 4242 destrae,

348 4253 482 4320 quertliaco
499 4251 568 4306 Xois·
578 4255 643 4322 fieri
655 4255 749 4324 possit,
767 4272 820 4307 noa
837 4254 982 4323 acceptior.-
1007 4250 1052 4306 Oa.
1070 4253 1209 4324 Pompeias
1233 4259 1374 4327 excapitur,
1401 4275 1435 4314 ae
1454 4276 1507 4314 cam

346 4336 378 4391 P.
397 4336 484 4402 Rullo,
511 4346 583 4394 taceo
604 4341 636 4393 de
658 4340 763 4404 ceteris,
781 4340 850 4392 Xvir
860 4339 926 4406 fieri
938 4338 1030 4408 parsit.
1075 4338 1241 4394 Praesentem
1267 4342 1334 4395 enlm
1357 4358 1410 4411 sq.,
1428 4358 1507 4415 eaque

347 4438 415 4475 nunc
433 4424 516 4478 solent
534 4427 622 4495 accipi.
658 4426 822 4480 Probabilem
840 4427 908 4479 enim
926 4427 992 4479 hanc
1009 4426 1142 4479 omittendi
1169 4443 1272 4481 eausam
1296 4428 1418 4495 afferunt,
1442 4430 1506 4500 quod

347 4509 464 4564 librarios
474 4511 582 4565 duarum
592 4513 795 4566 eructationem
810 4513 887 4566 simili
897 4516 968 4568 exitu
977 4513 1045 4566 Xoir
1049 4514 1115 4580 fleri
1118 4515 1206 4583 poerit
1213 4515 1333 4585 deceptos
1342 4533 1401 4572 esse
1406 4519 1506 4573 dieunt

348 4594 420 4659 Quae
437 4597 498 4648 mibi
516 4597 619 4666 quidem
636 4597 773 4665 dupliciter
791 4597 935 4665 displicent.
960 4599 1076 4654 Primum
1094 4601 1162 4653 enim
1179 4601 1243 4653 illud
1261 4619 1293 4656 ue
1310 4621 1369 4671 cure
1378 4603 1410 4657 P.
1420 4604 1506 4668 Ralla,

349 4687 420 4736 taceo
438 4681 469 4736 de
481 4684 573 4741 ceteris
585 4687 646 4758 quid
660 4683 808 4759 siguificat?
833 4686 960 4743 Nimirum
973 4686 1035 4751 hoo,
1047 4688 1128 4742 taceri
1137 4687 1168 4741 de
1181 4690 1281 4754 cerens,
1291 4691 1351 4760 quia
1362 4690 1507 4761 comparari
