3550 5492
783 505 831 537 -,
870 468 930 535 151
975 506 1019 519 -

318 599 696 717 hoe·vobia‚¹Qui1ites:.
723 634 802 699 iani
834 633 895 698 fide
927 631 1149 717 rempublicam
1178 633 1322 717 vigilanti
1351 634 1480 719 nomini,

318 756 384 806 uon
417 734 544 816 timido,
581 734 784 821 diligentique
823 734 1033 801 commisistis.
1099 734 1164 817 Ego
1202 735 1229 800 is
1249 737 1385 831 consul,
1425 740 1480 824 qui
1490 753 1537 807 101

319 839 495 926 contionem
517 838 675 907 metuam?
697 840 751 925 qui
772 837 1033 925 tribunusplebis
1054 838 1291 924 pertimescam?
1312 841 1367 926 qui
1389 864 1479 933 saepe

351 980 357 993 ἱ
406 1005 469 1052 robis,
482 1003 582 1052 Quirites,
595 1005 651 1044 bona
663 1005 724 1053 fide:
742 1005 902 1055 rempublicam.
922 1024 948 1036 -
967 1013 1009 1046 aen
1021 1005 1107 1052 rimiae,
1120 1004 1225 1054 diliqeuti,
1239 1014 1281 1045 noa
1297 1007 1376 1057 mace
1392 1011 1477 1052 comort-

317 1074 559 1126 mua-1⁰apuou
569 1074 750 1125 perberrmesai
765 1076 809 1124 esa

317 1204 371 1260 Sed
388 1205 474 1275 ipsum
491 1203 555 1261 illud
573 1205 678 1258 cummis
694 1205 750 1259 sine
767 1202 845 1258 dubio
863 1202 931 1257 male
947 1203 1094 1272 legebatur:
1116 1204 1164 1256 nes
1188 1201 1346 1258 restituimus
1365 1222 1422 1259 cum
1437 1206 1478 1261 bais

317 1292 336 1347 i.
354 1307 377 1345 e.
395 1291 493 1360 populo
510 1292 635 1355 Romano,
652 1306 728 1360 quem
747 1290 798 1344 sibi
814 1290 842 1343 in
859 1290 915 1343 vita
933 1289 1093 1343 defendenda
1110 1289 1254 1343 adiutorem
1271 1289 1326 1343 fore
1349 1290 1477 1360 significat

316 1381 394 1448 atque
410 1379 439 1432 in
460 1378 519 1448 ipsa
538 1377 706 1447 complurium
727 1378 908 1446 pronominum
930 1376 1109 1430 coniunctione
1127 1390 1233 1429 eausam
1255 1391 1312 1430 esse
1334 1392 1477 1445 censemus,

316 1466 457 1519 eiu-eb'am
474 1481 521 1534 epe
538 1465 654 1521 additum
672 1465 719 1528 sit,
736 1463 805 1533 quod
822 1463 937 1532 alioquin
955 1463 1047 1517 abesse
1069 1463 1196 1518 malimus.
1235 1463 1279 1518 Sic
1301 1464 1370 1518 hunc
1392 1466 1477 1521 locum

316 1551 410 1605 sinen
425 1550 463 1603 ita
480 1553 510 1603 ut
526 1550 643 1608 omuibus
661 1549 870 1618 persuadeamus,
887 1551 915 1602 at
931 1549 997 1602 satis
1020 1549 1152 1603 commode
1169 1550 1286 1605 videmur
1302 1551 1477 1607 constituisse.

314 1636 383 1691 Nam
400 1636 468 1704 quod
485 1636 559 1688 modo
578 1643 607 1688 at
622 1636 790 1701 servavimus,
816 1639 843 1688 et
859 1636 977 1691 codicum
994 1639 1139 1691 uestrorum
1160 1652 1316 1693 consensum
1333 1643 1359 1692 et
1376 1642 1477 1694 seuten-

315 1722 378 1777 tiam
397 1722 478 1776 secuti
495 1738 593 1779 sumus.
628 1721 749 1790 Optantis
766 1725 806 1774 est
822 1722 898 1776 modo
915 1729 957 1786 ut,
975 1722 1021 1776 sed
1037 1739 1096 1776 cum
1113 1739 1158 1790 eo,
1180 1725 1249 1794 quod
1266 1726 1382 1794 optatur,
1406 1724 1477 1780 aliud

315 1808 411 1878 aliquid
428 1798 611 1863 concertantis.
648 1806 701 1862 Gie.
718 1809 793 1876 epist
811 1807 883 1873 XIV,
903 1808 948 1873 14,
967 1808 984 1862 2
1001 1809 1075 1862 mode
1092 1817 1123 1862 ut
1139 1808 1202 1864 duee
1219 1809 1292 1864 nobie
1315 1810 1373 1864 lecu
1391 1817 1476 1866 maere

315 1892 400 1957 liceat,
418 1892 552 1947 bellissime
568 1893 611 1946 vel
626 1908 724 1946 mecerin
745 1892 787 1945 uel
803 1892 832 1944 in
848 1893 945 1946 matria
964 1894 1085 1965 praediis
1107 1911 1161 1949 aare
1179 1896 1314 1966 poterium
1337 1895 1401 1950 ibid.
1418 1896 1475 1963 vn,

315 1980 339 2044 7,
359 1980 371 2032 1
391 1981 466 2033 modo
483 1987 513 2033 ut
530 1979 578 2032 tibi
594 1979 739 2034 conaiuerii
748 1978 855 2050 fructus
873 1979 923 2033 otii
939 1981 991 2045 tui,·
1008 1978 1079 2045 xvi,
1090 1979 1157 2046 lae
1174 1980 1248 2035 medo
1258 1989 1297 2059 ⁴ut
1312 1981 1375 2036 urbe
1392 1984 1474 2038 salva.

315 2065 489 2121 Veruntamen
507 2085 539 2122 ne
556 2068 654 2137 reliqua
671 2068 774 2136 quidem
790 2067 866 2120 huius
879 2068 1021 2137 sententiae
1033 2082 1094 2136 pars
1107 2066 1257 2122 difficultate
1268 2068 1379 2139 quadam
1396 2072 1474 2126 earet.

315 2151 381 2205 blein
398 2151 463 2205 illud
480 2154 549 2222 quod
567 2156 608 2206 est
625 2152 692 2207 bona
703 2153 759 2220 fide
776 2153 824 2217 (sie
841 2153 909 2222 enim
921 2152 1065 2221 Hervap'us
1076 2166 1124 2222 pre
1135 2169 1175 2216 eo,
1192 2153 1261 2222 quod
1273 2169 1361 2210 omnes
1373 2156 1474 2213 codices

317 2237 414 2291 babent
431 2237 511 2291 bonae
522 2237 597 2305 fidei,
614 2237 724 2290 seribere
736 2237 831 2305 eoepit)
848 2240 934 2290 utrmn
951 2237 984 2290 ad
995 2235 1153 2302 Ciceronem,
1170 2237 1214 2307 qui
1230 2238 1373 2307 pollicetur,
1390 2258 1423 2296 au
1441 2242 1475 2297 ad

315 2323 434 2389 Quirites,
452 2327 497 2394 qui
513 2325 703 2390 commiserunt,
720 2324 851 2393 pertinet?
880 2324 998 2377 Editores
1016 2324 1118 2393 quidem
1136 2339 1225 2378 omnes
1240 2325 1302 2379 illue
1318 2327 1473 2381 retulerunt:

314 2425 346 2463 ex
366 2411 446 2464 animi
463 2410 590 2463 sententia
606 2411 633 2461 et
649 2409 705 2462 sine
723 2408 783 2463 dolo
800 2408 869 2462 male
892 2408 965 2462 vobis
987 2409 1119 2477 polliceor.
1153 2408 1183 2461 Id
1206 2409 1282 2464 nobis
1302 2411 1404 2465 videtur
1419 2412 1474 2465 ine·

312 2498 385 2563 ptum
404 2510 434 2546 ac
451 2508 531 2560 prope
549 2492 685 2546 ridiculum
702 2508 767 2547 esse.
802 2493 870 2547 Nam
893 2493 954 2560 quin
971 2490 1060 2546 (licere
1078 2493 1127 2547 hoc
1144 2493 1214 2547 nullo
1232 2494 1291 2549 dolo
1307 2496 1376 2551 malo
1397 2498 1473 2566 polli-

309 2582 422 2641 ceretur,
438 2577 495 2645 quis
513 2576 631 2628 dubitare
648 2579 766 2642 potarat?
801 2577 840 2630 Ac
857 2575 988 2629 concludit
1004 2577 1053 2629 hae
1070 2578 1200 2630 sententia
1220 2581 1302 2633 totam
1325 2580 1358 2634 de
1379 2597 1473 2637 eonsu-

311 2665 367 2720 latu
385 2678 433 2716 suo
451 2663 590 2725 rationem,
607 2677 673 2730 quae
689 2663 779 2731 inepta
795 2661 833 2726 tit,
851 2663 875 2715 si
893 2663 931 2716 sie
948 2660 1030 2715 dicat:
1047 2662 1172 2730 Ignebilis
1184 2679 1250 2728 sum,
1266 2664 1326 2718 ideo
1343 2680 1376 2718 ex
1394 2667 1473 2721 animi
1576 2663 1579 2668 ’

312 2750 439 2806 mantia
456 2748 491 2807 de¹
505 2746 641 2815 vigilantia
657 2762 715 2800 mea
731 2747 860 2816 polliceor.
897 2746 998 2810 Quanto
1021 2748 1071 2800 erit
1087 2746 1193 2811 melius,
1211 2748 1234 2800 si
1256 2747 1321 2801 illud
1339 2749 1405 2803 beria
1415 2750 1472 2817 fide

312 2836 344 2891 ad
361 2836 474 2901 Quirites
491 2833 644 2897 referamus,
661 2833 700 2886 sic
717 2833 833 2902 quidem:
856 2831 981 2901 Ignobilis
1004 2847 1075 2898 sum,
1096 2832 1155 2886 ideo
1171 2832 1224 2899 {ves
1245 2834 1274 2887 in
1290 2835 1473 2889 committenda

306 2922 442 2992 republica
458 2937 510 2974 nen
527 2919 600 2973 fallet
621 2922 710 2973 vestra
725 2935 798 2988 spes,
821 2918 880 2972 ideo
897 2918 1019 2987 polliceor
1045 2934 1087 2972 me
1104 2916 1266 2983 effecturum,
1288 2921 1317 2972 ut
1338 2934 1386 2973 vos
1403 2921 1473 2976 bona

310 3007 360 3063 tide
376 3006 562 3075 rempublicam
578 3006 642 3059 mihi
658 3001 817 3060 commisisse
834 3006 982 3059 videamini.
1007 3006 1064 3060 Hoc
1081 3005 1151 3060 euim
1168 3020 1226 3059 esse
1243 3005 1320 3059 debat
1337 3005 1405 3060 douc
1415 3006 1472 3075 fide

311 3096 474 3149 committere.
517 3092 699 3146 Animadverte
728 3093 806 3145 etiam
828 3091 895 3144 benc
911 3092 967 3159 fide
989 3091 1040 3145 dici
1062 3091 1212 3162 praeposite
1232 3091 1369 3146 adieetivo.
1404 3092 1472 3147 Nam

304 3181 386 3246 fidem
403 3179 495 3234 bonam
512 3177 600 3232 Cicero
618 3177 721 3247 quidem
738 3178 780 3242 (de
797 3177 860 3230 lctis
877 3177 946 3230 enim
964 3176 1072 3246 aliisque
1094 3176 1265 3253 scriptoribus
1287 3191 1339 3230 nou
1356 3176 1471 3247 disputo)

310 3265 427 3335 appellat
443 3280 500 3318 eam
521 3279 586 3332 quae
604 3262 733 3316 contraria
754 3266 795 3316 est
817 3263 875 3315 dolo
892 3262 969 3327 malo,
986 3265 1017 3315 ut
1032 3262 1065 3315 de
1082 3261 1124 3316 cr.
1140 3261 1191 3327 111,
1210 3262 1257 3328 ll„
1275 3262 1321 3329 703
1344 3262 1410 3332 Tep.
1430 3264 1471 3330 17,

310 3351 359 3415 663
377 3351 411 3404 ad
427 3349 483 3403 Ati.
501 3348 546 3412 VI,
565 3349 577 3400 l
597 3347 674 3411 med,
691 3349 719 3400 at
735 3346 761 3401 h.
778 3347 797 3401 l.
816 3347 910 3400 bonam
926 3345 1004 3401 fidem
1026 3346 1089 3402 dicit
1113 3347 1187 3416 quasi
1208 3348 1334 3418 imprimis
1356 3350 1422 3404 bene
1440 3364 1471 3405 ac

309 3437 412 3491 ratione
429 3441 581 3507 susceptam.
616 3437 647 3489 ln
664 3423 736 3490 exitu
758 3436 901 3489 sententiae
918 3436 994 3490 huius
1010 3451 1099 3490 rursus
1116 3436 1236 3490 lacunam
1253 3424 1374 3491 'codicum
1390 3431 1471 3492 fuisse

308 3526 429 3579 statuunt
445 3525 558 3578 editores
575 3538 677 3577 omneez
708 3538 767 3576 nam
788 3523 862 3593 quasi
884 3523 1002 3593 vigilanti
1019 3523 1118 3577 henaim
1139 3525 1313 3591 opponeretur
1324 3522 1386 3576 *iren
1402 3510 1471 3577 timi-

308 3609 367 3674 dus,
384 3610 423 3663 ita
439 3610 557 3680 diligenti
573 3611 695 3664 volebant
711 3609 809 3678 opponi
825 3625 878 3663 neu
895 3610 1027 3678 ignavum,
1044 3609 1253 3677 scripseruntque
1268 3607 1338 3676 quod
1352 3608 1381 3661 in
1398 3607 1470 3663 nulio

308 3697 457 3751 codice-est
474 3697 601 3766 dilapeoti,
618 3713 670 3750 oea
686 3697 790 3765 macac.
814 3695 876 3760 ,Qui
893 3710 924 3749 eo
940 3697 998 3764 ipse
1016 3694 1217 3763 redarguuntur,
1240 3692 1309 3763 quod
1326 3693 1399 3747 nialla
1414 3692 1470 3749 lieri

308 3786 398 3852 petest
413 3785 481 3838 inter
497 3784 648 3853 vigilantem
664 3783 794 3837 hominem
810 3786 838 3836 et
853 3798 921 3847 eum,
938 3781 982 3852 qui
999 3796 1050 3835 non
1067 3779 1172 3834 timidus
1183 3782 1232 3844 est,
1250 3779 1393 3848 oppositio=
1412 3793 1470 3848 gra-

307 3868 380 3923 datio
398 3868 523 3938 quaedam
541 3872 590 3935 est,
606 3869 714 3938 vigilare
728 3884 756 3923 se
774 3870 819 3935 ait,
837 3869 901 3922 nihil
919 3869 1016 3931 timere,
1033 3867 1183 3935 diligentem
1200 3881 1266 3932 essa,
1286 3866 1469 3920 consulto‘ele·
1566 3877 1570 3885 ·

307 3956 359 4010 etis
376 3957 409 4010 iis
427 3956 567 4021 vocabulis,
585 3971 651 4025 quae
671 3959 698 4009 et
714 3972 801 4010 curam
823 3970 896 4009 suam
913 3954 946 4007 de
967 3953 1099 4023 republica
1115 3950 1262 4021 significent
1278 3967 1327 4007 nae
1338 3944 1470 4022 tamquam

308 4040 425 4110 gloriosa
445 4041 546 4110 possint
566 4041 716 4109 vituperari
760 4040 872 4110 Ideoque
894 4039 960 4092 dixit
986 4055 1039 4093 noa
1061 4035 1193 4101 timidum
1218 4053 1279 4090 nam
1301 4037 1325 4091 si
1345 4037 1469 4092 audaeani

308 4126 428 4192 dixisset,
445 4127 656 4195 reprehenderet,
678 4127 701 4180 si
723 4126 827 4191 fertem,
845 4127 922 4180 nimis
939 4125 1064 4190 laudaret,
1080 4140 1129 4197 nec
1151 4123 1221 4179 aliud
1242 4127 1378 4194 supererat
1393 4130 1469 4180 vc‘ca·
1540 4175 1545 4183 ,.

308 4211 406 4268 bulum.
441 4212 480 4268 (li.
503 4217 566 4267 erat
583 4213 608 4279 1,
626 4214 655 4279 9,
672 4213 706 4265 27
724 4214 836 4267 consulis
858 4213 938 4266 soluti
959 4230 977 4266 a
999 4210 1199 4285 cupiditatibus,
1222 4209 1298 4265 liberi
1318 4229 1336 4264 a
1358 4210 1469 4275 deliciis,

309 4299 384 4352 coesi
399 4297 428 4352 ei
441 4300 577 4368 peracuta,
595 4316 647 4352 nei
665 4298 1012 4354 ambresberiensis.
1039 4296 1148 4354 conficis
1163 4313 1218 4353 rem
1234 4298 1290 4353 eci.
1304 4286 1469 4375 stapris

308 4385 462 4453 particulam
480 4403 529 4454 que
546 4385 671 4440 addentis.

396 4472 454 4527 101.
469 4473 658 4541 petenensem.
688 4471 815 4527 Godieis9
833 4473 926 4527 honori
943 4471 1012 4537 dedi,
1029 4475 1059 4525 ut
1074 4474 1113 4526 ita
1129 4473 1281 4538 scriberem
1300 4486 1360 4524 uam
1377 4470 1468 4539 reliqui

309 4555 406 4611 babent
417 4557 623 4628 perhorrescam
659 4556 699 4614 Gi.
710 4560 775 4613 orat
786 4558 807 4624 1,
821 4557 847 4624 8,
864 4556 898 4612 25
918 4555 982 4613 eom
997 4573 1058 4614 aeae
1075 4557 1174 4613 aretem
1191 4556 1357 4614 consiliorum
1372 4562 1469 4612 aestu
