3550 5492
717 572 930 637 ..33-

240 735 390 815 Quirites,
414 730 519 797 animo
533 732 685 817 aequiore,
707 735 761 799 sed
783 735 861 799 mihi
875 736 1112 804 videnturoerti
1127 736 1276 823 homines,
1299 739 1326 805 si
1341 760 1403 826 qua

240 841 276 904 in
291 859 333 903 re
354 858 405 903 me
426 857 490 902 non
511 837 601 902 modo
623 839 759 921 consilio,
782 859 891 903 verum
913 839 1008 903 etiam
1030 860 1103 904 casu
1121 841 1243 926 lapsum
1265 865 1331 909 esse
1353 865 1403 908 ar·
1498 843 1504 856 ’

241 942 458 1022 bitrabuntur,
483 961 537 1005 vos
558 941 734 1023 universos,
757 944 811 1026 qui
840 964 889 1007 me
911 944 1118 1010 antetuleritis
1132 948 1297 1032 nobilitati,
1319 951 1403 1017 vitu-

240 1044 391 1133 peraturi.
434 1044 512 1108 Mihi
540 1051 659 1127 autem,
683 1046 833 1128 Quirites,
856 1048 961 1111 omnia
987 1048 1089 1132 potius
1117 1052 1316 1135 perpetienda
1338 1075 1403 1119 esse

240 1151 331 1232 duco,
354 1160 448 1233 quam
471 1169 533 1212 non
554 1146 600 1211 ita
621 1147 790 1229 gerendum
812 1151 1022 1233 consulatum,
1046 1154 1137 1217 utin
1159 1156 1310 1222 omnihus·
1325 1159 1403 1223 meis

240 1249 444 1337 factisetque
466 1251 603 1316 consiliis
623 1257 762 1316 vestrum
785 1253 822 1317 do
844 1275 894 1318 me
916 1256 1032 1320 iactum
1051 1257 1275 1343 consiliumque
1296 1259 1403 1327 laude·

242 1365 310 1422 tur.'
350 1355 479 1422 Accedit
500 1354 595 1417 etiam
616 1354 669 1417 ille
691 1355 770 1418 mihi
792 1377 934 1422 summus
957 1358 1042 1422 labor
1064 1379 1098 1422 ao
1121 1358 1304 1424 difficillima
1325 1365 1403 1428 ratio

241 1461 423 1527 consulatus
446 1458 581 1543 gerendi,
604 1458 686 1542 quod
702 1480 762 1524 non
786 1461 892 1524 eadem
916 1482 977 1543 qua
993 1460 1203 1546 superior-ibus
1226 1464 1402 1532 consulibus

239 1564 423 1629 condicione
443 1563 595 1626 utendum
617 1584 682 1627 esse
705 1562 841 1643 decrevi,
865 1562 919 1645 qui
942 1562 1060 1625 aditum
1083 1562 1175 1626 huius
1197 1563 1255 1628 loci
1277 1586 1402 1653 conspe-

239 1673 388 1751 ctumque
410 1670 547 1731 vestrum
562 1666 675 1750 partim
696 1687 879 1751 magnopere
895 1667 1049 1748 fugerunt,
1072 1667 1185 1750 partim
1207 1669 1404 1734 vehementer

239 1791 306 1834 non
329 1767 427 1833 secuti
449 1774 532 1832 sunt.
577 1766 639 1850 Ego
662 1773 765 1857 autem
789 1786 849 1831 non
872 1768 971 1832 solum
994 1768 1050 1833 hoc
1072 1770 1105 1832 in
1128 1769 1193 1834 loco
1215 1771 1326 1854 dicam,
1348 1773 1403 1838 nbi

240 1878 289 1936 est
311 1870 397 1936 dictu
418 1869 611 1952 facillimum,
635 1870 689 1934 sed
712 1871 833 1956 inipso
856 1879 976 1954 senatu,
999 1872 1033 1936 in
1056 1893 1117 1955 quo
1138 1894 1203 1938 esse
1224 1875 1308 1940 locus
1330 1875 1402 1942 huic

309 2005 311 2009 ’
328 2002 348 2042 6.
367 2003 441 2041 eadem
457 2003 510 2041 mibi
522 2013 570 2050 que
589 2022 615 2031 -
632 2003 752 2043 consulibus
766 2005 812 2051 leae
826 2008 846 2044 ct
858 2005 987 2044 condicione.
1007 2026 1029 2034 -
1049 2016 1127 2054 maeno
1145 2016 1215 2055 opere.
1228 2026 1254 2037 -
1265 2009 1348 2056 partim
1361 2018 1402 2047 non

239 2073 373 2113 remmam
385 2073 457 2112 secate
474 2091 500 2114 τ-
520 2069 577 2112 dictu
592 2070 630 2122 [id]
639 2073 779 2119 facillimam.

245 2161 345 2235 aliquis
362 2170 390 2218 et
406 2160 491 2218 certas
506 2165 611 2233 quidam,
625 2166 780 2232 coniungere
799 2172 946 2234 coeperunt.
974 2165 1142 2220 lt’odib'tutem
1161 2172 1254 2233 autem,
1271 2170 1313 2223 cui
1332 2175 1403 2223 ante·

239 2251 309 2303 latus
327 2256 384 2304 erat
400 2250 503 2316 Cicero,
521 2251 637 2318 intellige
655 2251 754 2303 nobiles
772 2253 827 2304 eius
846 2254 1040 2320 competitorem
1059 2253 1151 2320 quibus
1170 2255 1325 2322 posthabitis
1343 2272 1403 2309 con-

240 2338 282 2390 sul
299 2336 384 2390 factos
401 2341 441 2390 est
458 2338 500 2401 (f.
519 2337 577 2402 ξ4).
613 2337 725 2390 Fuerant
747 2342 831 2390 autom
855 2341 958 2404 praetor
975 2337 1039 2390 duos
1058 2354 1145 2391 omnes
1169 2340 1283 2404 nobiles,
1301 2341 1359 2394 vide
1376 2359 1402 2410 p.

239 2421 342 2488 llur.8,
353 2424 393 2476 17.
411 2451 446 2462 -
463 2421 580 2477 Accedit.
616 2422 736 2491 Sequitur
754 2424 834 2475 altera
843 2424 974 2491 cogitatio,
993 2440 1057 2492 quae
1067 2423 1182 2494 Ciceroni
1195 2425 1291 2478 nullam
1309 2427 1402 2494 quietis

238 2513 343 2577 partem
364 2509 507 2576 impertiat,
533 2509 652 2560 nimirum
676 2510 754 2578 ratio,
780 2526 830 2577 qua
857 2510 941 2576 ipsum
966 2510 1125 2562 consulatum
1148 2525 1237 2577 gerere
1263 2512 1403 2574 constituit,

239 2593 429 2663 respondetque
446 2595 495 2648 hoc
507 2594 608 2647 accedit
619 2595 643 2646 ei
661 2595 781 2662 quodid)
800 2599 840 2647 est
854 2595 969 2662 priorum
989 2594 1078 2646 tuendi
1094 2596 1249 2647 consulatus.
1263 2624 1297 2634 -
1314 2596 1402 2649 ecdem

241 2697 296 2747 qva
312 2679 489 2748 superioribas
507 2679 653 2733 consulibus
671 2679 820 2732 corrdicionc
843 2680 965 2732 attendunt
989 2695 1042 2732 esse
1064 2680 1173 2732 decrevi⁴
1215 2681 1335 2734 Notabile
1354 2686 1402 2745 est,

241 2766 312 2834 quod
329 2780 377 2835 per
395 2767 572 2818 attractionem
589 2764 731 2833 quendam,
750 2782 815 2833 quae
840 2765 998 2832 appellatur,
1021 2765 1123 2817 dativus
1146 2765 1322 2832 superioribus
1342 2783 1403 2819 coo·

208 2911 212 2916 ,
241 2850 342 2905 autibus
359 2851 460 2919 positus
477 2855 517 2904 est
535 2853 590 2904 sine
608 2852 759 2919 repetitione
777 2851 859 2914 verbi,
876 2866 941 2918 quae
960 2866 1001 2903 res
1015 2853 1068 2902 tam
1080 2866 1139 2901 rara
1157 2854 1204 2912 est,
1221 2853 1250 2901 ut
1259 2849 1402 2915 Turnebus,

241 2941 317 2989 retus
338 2938 478 3005 interpres,
500 2937 639 2989 ablativum
661 2936 828 3007 intellexerit,
852 2940 881 2987 ut
898 2950 954 2988 esse
972 2935 1050 2987 vellet
1067 2935 1134 2987 idem
1153 2934 1221 3003 quod
1240 2935 1402 3002 superiorem

241 3021 376 3075 censalem
398 3029 517 3091 ternpore,
539 3021 715 3091 superioribas
738 3022 822 3074 annis.
865 3021 944 3084 Quasi
967 3036 1028 3073 vero
1052 3019 1199 3073 Ciceronem
1222 3036 1294 3073 suam
1317 3021 1402 3089 ipsum

239 3109 442 3163 inconstantiam
459 3123 566 3175 arguere
590 3109 679 3161 deceat
702 3124 732 3159 ac
749 3107 832 3171 fateri,
850 3107 910 3161 olim
929 3122 956 3159 se
975 3123 1025 3160 non
1046 3107 1126 3159 fuisse
1143 3107 1300 3175 popularem.
1336 3105 1402 3176 Sup-

239 3195 364 3263 pleudnm
384 3195 520 3262 igiturest
541 3195 662 3247 utendum
679 3194 748 3261 fuit·
774 3191 905 3259 significat
927 3193 1008 3257 enim,
1030 3193 1175 3260 superiores
1198 3189 1317 3247 eonsules
1334 3193 1401 3261 quod

239 3280 341 3333 nobiles
358 3285 453 3344 essent,
470 3281 528 3348 ipsa
546 3281 677 3333 nobilitate
696 3296 743 3332 sua
766 3282 868 3331 coactos
886 3279 961 3346 quasi
978 3294 1050 3342 esse,
1074 3282 1103 3330 ut
1121 3295 1136 3330 a
1154 3279 1243 3348 populi
1261 3294 1340 3332 causa
1359 3279 1402 3332 ab·

238 3367 384 3419 horrerent:
411 3381 439 3418 se
462 3366 564 3434 quidem
583 3371 713 3434 tamquam
736 3365 843 3417 consilio
866 3363 936 3432 apud
959 3365 1071 3418 animum
1095 3379 1169 3416 sunm
1192 3365 1279 3417 habito
1297 3380 1327 3417 eo
1346 3379 1402 3418 esse

240 3451 387 3515 deductum,
405 3454 435 3503 ut
451 3453 595 3505 necessario
614 3453 663 3504 sibi
681 3451 800 3519 populari
818 3450 918 3503 ratione
936 3451 1058 3504 utendum
1081 3466 1139 3503 esse
1155 3450 1318 3518 intelligeret.
1353 3449 1403 3502 Ne-

240 3550 291 3606 que
308 3537 414 3590 omnino
431 3554 520 3592 rerum
538 3542 586 3602 est,
604 3537 673 3606 quod
689 3537 853 3605 praecipitur,
871 3553 928 3588 cum
941 3537 1054 3589 relativis
1070 3541 1096 3589 et
1106 3535 1232 3605 particula
1250 3551 1328 3602 quarn
1345 3539 1404 3601 post

239 3618 428 3692 comparativus
446 3625 597 3693 (particulae
615 3625 682 3676 enim
700 3626 727 3674 et
744 3626 837 3674 natura
855 3625 881 3674 et
898 3622 947 3674 hoc
964 3627 1032 3675 certe
1049 3623 1076 3674 in
1098 3637 1190 3689 genere
1207 3636 1269 3672 usus
1288 3618 1321 3670 ab
1339 3619 1403 3671 rela-

240 3711 294 3762 tivo
308 3725 361 3763 non
376 3710 513 3778 discrepat)
533 3711 709 3762 attractionem
726 3709 796 3760 illam
815 3724 866 3760 uon
885 3709 985 3760 admitti
1002 3708 1053 3760 uisi
1071 3708 1097 3758 in
1116 3706 1270 3768 accusativo,
1288 3703 1402 3756 velutin

240 3795 355 3849 ablativo
372 3797 498 3865 repertun
516 3796 585 3864 apud
594 3795 645 3848 Cic.
656 3795 688 3846 ad
701 3797 754 3848 Ati.
763 3794 868 3859 vius,
884 3794 901 3846 2
916 3811 966 3862 pro
986 3793 1037 3844 tuis
1054 3790 1129 3843 redas
1147 3790 1326 3857 urnplc'ssiania:
1349 3807 1402 3842 om·

236 3879 399 3949 pliort'baaue
417 3898 493 3949 quoto
523 3882 590 3944 sais,
617 3897 694 3948 quani
715 3877 860 3946 Africani?
898 3878 950 3930 Sed
975 3881 1003 3929 ut
1020 3875 1137 3928 attractio
1154 3874 1254 3952 facilius
1272 3875 1402 3937 existeret,

239 3966 410 4019 recentissimi
428 3967 539 4019 editores
552 3967 620 4033 quod
637 3966 664 4017 in
681 3981 732 4017 uno
751 3952 841 4033 parum
854 3965 922 4017 bono
940 3961 996 4016 cod.
1014 3965 1062 4024 est,
1075 3959 1233 4028 scripserunt
1249 3978 1301 4013 otoo
1313 3960 1402 4014 eodem

238 4052 305 4105 milri
320 4068 374 4120 qua
390 4051 566 4122 saperiom'bue
585 4051 737 4104 consulibus.
773 4051 827 4104 Nos
846 4050 948 4119 quidem
967 4048 1079 4099 dativum
1097 4063 1149 4101 nou
1167 4047 1250 4100 minus
1269 4048 1401 4101 omisimus

238 4154 317 4208 quam
335 4137 414 4207 paulo
431 4142 491 4207 post
508 4154 565 4191 cum
583 4138 697 4206 plerique
721 4136 822 4189 codices
841 4136 979 4195 exhibeant
1003 4134 1056 4201 lepc
1074 4140 1099 4185 et
1121 4132 1283 4197 condicione,
1304 4132 1401 4186 codicis

236 4224 303 4292 Lag.
322 4224 338 4276 9
355 4225 507 4278 breuitatem
526 4225 607 4277 secuti
625 4239 721 4276 sumus.
739 4251 772 4258 -
790 4222 949 4275 ceberncntcr
966 4238 1018 4272 raon
1036 4219 1118 4272 secuti
1134 4226 1200 4272 sant.
1228 4219 1326 4272 Rursus
1339 4219 1401 4272 hacc

237 4325 306 4362 unus
329 4310 408 4363 habet
425 4311 480 4364 cod.
498 4311 563 4378 Lag.
582 4311 606 4373 9,
624 4309 670 4361 sed
692 4312 760 4360 recte
788 4307 904 4375 quodque
930 4308 957 4359 in
975 4306 1079 4374 reliquis
1106 4310 1147 4359 est
1169 4322 1220 4358 ooo
1244 4304 1402 4358 vehementer

238 4397 323 4449 secuti
339 4402 412 4460 suat,
435 4399 518 4449 minus
542 4396 690 4463 probamus.
734 4393 774 4445 Ita
799 4394 867 4444 enim
891 4393 941 4445 duo
966 4407 1061 4460 genera
1084 4392 1243 4461 superiorum
1267 4390 1401 4445 consulum
1503 4391 1506 4395 ’

239 4482 330 4535 Cicero
352 4483 531 4546 constitueret,
555 4497 633 4534 unum
652 4495 753 4540 eorum,
772 4479 815 4547 qui
833 4480 976 4532 contionem
987 4478 1076 4547 populi
1093 4492 1249 4545 magnopere
1267 4477 1402 4543 fugissent,

240 4567 350 4620 alterum
373 4583 474 4633 eorum,
502 4570 545 4638 qni
571 4585 622 4622 non
647 4567 807 4618 vehementer
828 4565 909 4618 secuti
929 4569 1027 4628 essent,
1044 4564 1071 4619 id
1089 4562 1156 4632 quod
1180 4566 1253 4615 retus
1275 4562 1402 4628 interpres

239 4653 378 4728 Turnebus
396 4654 521 4722 explicat,
538 4655 582 4722 qui
599 4669 657 4705 raro
675 4653 702 4702 in
720 4651 863 4725 contionem
880 4651 970 4718 populi
987 4650 1124 4702 venissent.
1166 4644 1219 4697 Sed
1234 4661 1293 4698 cum
1311 4649 1402 4713 postea

1180 4729 1196 4783 3
