3550 5492
722 1598 920 1730 omnmo

508 1956 512 1962 ,
545 1870 596 1946 ΑΙ)
617 1869 789 1947 POPULUM
813 1870 955 1947 HABITA
975 1871 1093 1948 Peleia

757 2071 909 2082 -v-w—

325 2186 383 2252 Est
402 2187 459 2254 hoe
485 2189 520 2252 in
550 2209 634 2253 more
654 2189 808 2275 positum,
831 2190 982 2272 QuiriteS,
1000 2191 1214 2276 institutoque
1236 2192 1399 2276 maiorum,

238 2294 277 2355 ut
298 2291 344 2374 hi,
366 2292 421 2376 qui
436 2293 582 2358 beneficio
596 2298 698 2358 vestro
719 2292 869 2378 imagines
883 2293 1020 2359 familiae
1041 2315 1115 2360 suae
1136 2279 1293 2362 oonseouti
1315 2303 1399 2381 sunt,

327 2474 347 2515 1.
359 2475 418 2525 aare
432 2475 475 2524 qur.

240 2645 244 2650 .
327 2603 351 2656 1.
368 2603 416 2672 qui
431 2604 557 2672 imagines
568 2603 692 2672 seruilius
715 2621 777 2657 saue
799 2605 931 2656 consecuti
947 2611 1019 2668 aaut,
1037 2606 1054 2657 i.
1072 2620 1093 2657 e.
1112 2605 1156 2673 qui
1177 2606 1210 2658 ad
1227 2606 1326 2659 curules
1344 2622 1398 2659 ma-

236 2690 370 2758 gistratus,
388 2689 421 2742 ad
439 2689 602 2754 aedilitatem,
620 2694 775 2758 praeturam,
793 2689 953 2743 consulatum
971 2691 1052 2742 erecti
1069 2704 1113 2743 eos
1132 2706 1164 2743 ex
1176 2692 1316 2744 maioribus
1334 2693 1397 2757 suria,

236 2770 346 2845 quorum
362 2775 396 2828 ob
414 2776 517 2830 eosdem
540 2777 649 2841 honores
673 2779 759 2844 gestos
782 2773 833 2844 ipsi
850 2774 877 2824 in
901 2773 966 2825 atrio
988 2773 1085 2825 habent
1105 2775 1245 2842 imagines,
1268 2777 1397 2842 consecuti

236 2863 314 2930 sunt,
341 2860 408 2915 Nam
426 2861 458 2915 de
475 2864 604 2918 nobilibus
623 2867 721 2917 tanturn
739 2864 789 2916 diei
806 2875 871 2929 quae
889 2858 921 2909 de
941 2858 1080 2910 maioribus
1103 2859 1230 2938 adduntur
1252 2860 1396 2914 ostendunt.

235 2946 290 2999 Sed
311 2963 388 3017 quem
409 2948 481 3001 illum
503 2951 628 3004 maiorum
646 2965 742 3003 morem
765 2948 846 3002 fuisse
868 2947 1006 3012 putamus?
1048 2943 1122 2998 Certe
1145 2961 1196 2998 non
1214 2961 1281 3010 eum,
1298 2949 1336 3010 ut,
1353 2946 1400 3014 qui

234 3031 401 3100 magistratus
414 3031 480 3086 'faeti
497 3038 592 3099 essent,
609 3034 751 3087 contionem
770 3034 892 3086 voearent
907 3046 964 3083 earn
982 3047 1059 3084 unam
1077 3032 1110 3084 ob
1123 3047 1235 3096 eausam,
1253 3034 1282 3083 ut
1299 3033 1396 3099 gratias

233 3116 332 3185 populo
350 3122 457 3186 agerent
474 3119 683 3189 nobilitatemque
701 3136 774 3173 suam
785 3118 933 3171 laudarent:
952 3118 996 3186 qui
1012 3106 1067 3172 mos
1086 3118 1110 3170 si
1120 3117 1212 3171 fuisset
1229 3117 1305 3182 ullus,
1322 3120 1349 3170 et
1363 3118 1396 3171 ab

235 3199 416 3268 aliis'saepiue
433 3207 674 3264 commemoraretur
690 3207 717 3256 et
733 3204 766 3256 ab
784 3204 841 3271 ipso
859 3203 981 3257 Gioerone
999 3205 1185 3257 observaretur.
1219 3203 1294 3256 Hune
1312 3206 1397 3256 autem

232 3284 299 3338 illud
315 3288 416 3351 tantm
432 3286 516 3342 faeere
535 3288 665 3360 videmus,
683 3293 712 3342 ut
729 3290 801 3344 initio
820 3292 945 3345 contionis
963 3295 990 3344 et
1006 3292 1102 3360 populo
1126 3291 1223 3360 gratias
1242 3294 1304 3360 agat
1321 3294 1347 3344 et
1364 3290 1396 3343 de

235 3385 330 3440 genere
347 3388 394 3426 suo
417 3372 498 3426 dieat:
520 3375 618 3444 reliqua
640 3379 695 3428 tota
713 3377 795 3440 oratio
813 3377 845 3430 de
862 3378 920 3446 lege
938 3378 1053 3446 agraria,
1076 3394 1141 3446 quae
1164 3381 1217 3431 tum
1241 3377 1396 3446 agitabatur,

232 3456 324 3510 habita
340 3460 388 3511 est.
423 3457 521 3529 Neque,
538 3461 582 3528 qui
599 3462 698 3514 curules
716 3463 882 3531 magistratus
901 3465 1029 3517 eonseeuti
1047 3469 1128 3529 erant,
1146 3480 1234 3518 omnes
1252 3463 1395 3516 contionem

231 3540 476 3608 babere'solebant3
494 3559 554 3596 nam
572 3545 715 3599 contionem
731 3547 822 3613 habet,
840 3549 884 3617 qui
901 3550 1024 3618 populum
1047 3567 1093 3604 suo
1111 3551 1212 3604 nomine
1230 3545 1394 3613 voeat'eique

232 3627 347 3681 contioni
363 3631 473 3696 praeest.
500 3629 553 3682 lam
572 3632 621 3684 etsi
638 3632 756 3685 consides
767 3633 943 3702 imprimisque
961 3650 1027 3698 eum,
1045 3634 1114 3703 apud
1126 3649 1201 3702 quem
1218 3632 1301 3684 fasces
1314 3631 1395 3693 erant,

231 3713 309 3768 taoile
325 3713 442 3769 ridemus
459 3718 662 3786 quamprimum
681 3723 771 3788 posset
787 3721 931 3774 eontionem
948 3721 1078 3784 habuisse,
1096 3723 1181 3771 tamen
1199 3732 1246 3769 neo
1263 3717 1395 3784 praetores

232 3814 322 3854 omnes
340 3800 416 3854 eredo
433 3817 481 3855 nee
499 3802 603 3868 aediles,
621 3820 651 3857 eo
669 3805 770 3872 quidem
789 3811 915 3875 tempore,
933 3806 1095 3875 quopopuli
1113 3803 1222 3858 Romani
1245 3800 1395 3855 beneficium

230 3884 370 3944 inanimis
386 3884 517 3940 hominum
534 3905 623 3942 reeens
642 3893 711 3943 esset
728 3907 758 3944 ae
775 3896 843 3945 reete
866 3894 1111 3946 commemoraretur.
1153 3889 1237 3954 Quare
1258 3887 1326 3957 quod
1343 3901 1395 3938 me-

230 3970 281 4023 lior
299 3985 361 4038 pars
379 3972 494 4027 codicum
512 3974 617 4028 exhibet
632 3991 689 4027 euru
696 3975 812 4044 priunum
829 3975 941 4029 labeant
951 3975 1093 4028 orationem
1110 3975 1134 4028 ei
1151 3975 1219 4044 quod
1238 3974 1320 4027 adhue
1337 3972 1396 4026 ede-

231 4057 310 4110 batur
327 4075 384 4112 eum
396 4061 514 4130 primum
530 4061 643 4115 babeant
660 4064 816 4128 contionem,
834 4065 991 4131 quantopere
1007 4064 1121 4129 praestet
1139 4065 1254 4130 apparet.
1285 4058 1395 4112 Oratio·

231 4159 290 4196 uera
306 4144 376 4197 eninr
393 4145 530 4215 intelligit,
548 4164 606 4211 eum
624 4149 681 4217 quis
700 4149 768 4217 apud
785 4147 910 4216 populum
927 4146 1006 4199 verba
1023 4144 1093 4210 lacit,
1107 4146 1271 4215 primaeque
1294 4143 1395 4197 initium
1467 4147 1470 4152 '

229 4231 369 4297 orationis,
395 4233 521 4303 siquidem
547 4235 624 4287 etiam
643 4235 693 4288 abl.
712 4253 764 4302 que
781 4235 874 4298 utitur,
899 4233 960 4303 quia
982 4247 1034 4287 non
1051 4235 1105 4286 tota
1122 4233 1217 4296 oratio,
1235 4229 1287 4284 ,sed
1310 4230 1395 4298 prima

230 4319 333 4370 tantum
350 4319 406 4372 eius
418 4336 480 4389 pars
497 4321 525 4373 in
543 4322 633 4388 gratiis
653 4320 758 4388 agendis
776 4323 900 4373 versatur.
928 4320 1001 4374 Nove
1015 4322 1099 4374 autem
1112 4320 1206 4373 dictum
1224 4321 1265 4371 est
1279 4317 1395 4387 qratiam

229 4400 348 4470 beneficti
364 4405 457 4470 υειινίς
474 4421 534 4458 nam
553 4405 649 4473 gratias
668 4404 767 4472 agimus
786 4408 812 4457 et
829 4407 940 4473 gratiam
955 4395 1088 4460 referimus
1105 4422 1152 4474 pro
1170 4403 1306 4466 beneficio,
1325 4400 1396 4453 velut

230 4487 263 4540 ad
279 4486 335 4542 Ata
352 4488 425 4555 XVI,
445 4491 478 4546 16
495 4489 577 4562 libro
596 4497 638 4543 tuo
656 4506 752 4543 summo
770 4489 890 4558 beneficio
906 4492 1010 4561 ytatius
1027 4509 1148 4562 uquarum
1166 4508 1191 4559 p.
1201 4490 1230 4555 Q.
1240 4489 1316 4542 Rosc.
1327 4485 1396 4551 'tto

229 4588 312 4640 aeque
330 4580 415 4627 tamen
430 4592 481 4644 pro
499 4575 619 4643 beneficio
637 4576 663 4628 ei
674 4593 729 4646 por
745 4577 836 4644 qratia
853 4577 979 4646 refertum
997 4579 1072 4646 epist
1087 4578 1119 4643 V,
1129 4577 1180 4641 5,2
1194 4571 1394 4644 protelaretur

229 4658 330 4710 uellam
347 4660 474 4714 mittola
492 4669 516 4715 te
533 4662 642 4715 relatum
665 4679 719 4717 eoae
734 4663 863 4733 qratiam
886 4663 953 4717 Phil.
970 4661 1021 4727 ΙΙΙ,
1040 4661 1086 4727 15,
1104 4661 1137 4714 39
1160 4659 1264 4713 senatui
1284 4668 1393 4725 magnae
