<?xml version="1.0" encoding="UTF-8"?>
<!DOCTYPE html PUBLIC "-//W3C//DTD XHTML 1.0 Transitional//EN"
    "http://www.w3.org/TR/xhtml1/DTD/xhtml1-transitional.dtd">
<html xmlns="http://www.w3.org/1999/xhtml" xml:lang="en" lang="en">
 <head>
  <title>
</title>
<meta http-equiv="Content-Type" content="text/html;charset=utf-8" />
  <meta name='ocr-system' content='tesseract 3.04.00' />
  <meta name='ocr-capabilities' content='ocr_page ocr_carea ocr_par ocr_line ocrx_word'/>
</head>
<body>
  <div class='ocr_page' id='page_1' title='image "./orationestresde00cicegoog/orationestresde00cicegoog_0154.png"; bbox 0 0 3550 5492; ppageno 0'>
   <div class='ocr_carea' id='block_1_1' title="bbox 770 588 1005 655">
    <p class='ocr_par' dir='ltr' id='par_1_1' title="bbox 770 588 1005 655">
     <span class='ocr_line' id='line_1_1' title="bbox 770 588 1005 655; baseline -0.013 1"><span class='ocrx_word' id='word_1_1' title='bbox 770 588 1005 655; x_wconf 84' lang='lat'>-114-</span> 
     </span>
    </p>
   </div>
   <div class='ocr_carea' id='block_1_2' title="bbox 177 724 1508 1448">
    <p class='ocr_par' dir='ltr' id='par_1_2' title="bbox 177 724 1508 1357">
     <span class='ocr_line' id='line_1_2' title="bbox 177 724 1508 837; baseline 0 -22"><span class='ocrx_word' id='word_1_2' title='bbox 177 740 466 828; x_wconf 73' lang='lat' dir='ltr'>ivlll,75dicione11i</span> <span class='ocrx_word' id='word_1_3' title='bbox 494 773 530 817; x_wconf 87' lang='lat' dir='ltr'>ac</span> <span class='ocrx_word' id='word_1_4' title='bbox 551 751 754 837; x_wconf 83' lang='lat' dir='ltr'>potestatem?</span> <span class='ocrx_word' id='word_1_5' title='bbox 798 752 841 817; x_wconf 83' lang='lat' dir='ltr'>Ut</span> <span class='ocrx_word' id='word_1_6' title='bbox 862 771 934 817; x_wconf 89' lang='lat' dir='ltr'>vero</span> <span class='ocrx_word' id='word_1_7' title='bbox 955 755 1052 815; x_wconf 87' lang='lat' dir='ltr'>totam</span> <span class='ocrx_word' id='word_1_8' title='bbox 1073 749 1197 814; x_wconf 88' lang='lat' dir='ltr'>ltaliam</span> <span class='ocrx_word' id='word_1_9' title='bbox 1219 750 1289 815; x_wconf 89' lang='lat' dir='ltr'>suis</span> <span class='ocrx_word' id='word_1_10' title='bbox 1314 749 1467 835; x_wconf 76' lang='lat' dir='ltr'>praesidiis</span> <span class='ocrx_word' id='word_1_11' title='bbox 1506 724 1508 783; x_wconf 52' lang='grc' dir='ltr'><strong>ἶ</strong></span> 
     </span>
     <span class='ocr_line' id='line_1_3' title="bbox 313 852 1466 939; baseline -0.005 -16"><span class='ocrx_word' id='word_1_12' title='bbox 313 856 451 923; x_wconf 90' lang='lat' dir='ltr'>obsidere</span> <span class='ocrx_word' id='word_1_13' title='bbox 484 860 575 939; x_wconf 91' lang='lat' dir='ltr'>atque</span> <span class='ocrx_word' id='word_1_14' title='bbox 609 874 755 938; x_wconf 90' lang='lat' dir='ltr'>occupare</span> <span class='ocrx_word' id='word_1_15' title='bbox 777 854 926 936; x_wconf 76' lang='lat' dir='ltr'>cogitent,</span> <span class='ocrx_word' id='word_1_16' title='bbox 955 873 1083 938; x_wconf 81' lang='lat' dir='ltr'><strong>quaeso,</strong></span> <span class='ocrx_word' id='word_1_17' title='bbox 1106 852 1262 935; x_wconf 73' lang='lat' dir='ltr'>Quirites,</span> <span class='ocrx_word' id='word_1_18' title='bbox 1292 853 1466 936; x_wconf 83' lang='lat' dir='ltr'>cognoscite</span> 
     </span>
     <span class='ocr_line' id='line_1_4' title="bbox 311 956 1466 1043; baseline -0.003 -18"><span class='ocrx_word' id='word_1_19' title='bbox 311 957 469 1025; x_wconf 81' lang='lat' dir='ltr'>Permittit</span> <span class='ocrx_word' id='word_1_20' title='bbox 490 957 605 1038; x_wconf 86' lang='lat' dir='ltr'>Xviris,</span> <span class='ocrx_word' id='word_1_21' title='bbox 629 963 665 1021; x_wconf 88' lang='lat' dir='ltr'>ut</span> <span class='ocrx_word' id='word_1_22' title='bbox 685 957 719 1020; x_wconf 95' lang='lat' dir='ltr'>in</span> <span class='ocrx_word' id='word_1_23' title='bbox 735 956 840 1021; x_wconf 89' lang='lat' dir='ltr'>omnia</span> <span class='ocrx_word' id='word_1_24' title='bbox 854 957 1033 1043; x_wconf 86' lang='lat' dir='ltr'>municipia,</span> <span class='ocrx_word' id='word_1_25' title='bbox 1055 958 1088 1021; x_wconf 93' lang='lat' dir='ltr'>in</span> <span class='ocrx_word' id='word_1_26' title='bbox 1104 978 1211 1023; x_wconf 89' lang='lat' dir='ltr'>omnes</span> <span class='ocrx_word' id='word_1_27' title='bbox 1225 957 1370 1023; x_wconf 86' lang='lat' dir='ltr'>colonias</span> <span class='ocrx_word' id='word_1_28' title='bbox 1383 957 1466 1023; x_wconf 86' lang='lat' dir='ltr'>totius</span> 
     </span>
     <span class='ocr_line' id='line_1_5' title="bbox 312 1060 1466 1146; baseline -0.003 -17"><span class='ocrx_word' id='word_1_29' title='bbox 312 1064 422 1129; x_wconf 87' lang='lat' dir='ltr'>ltaliae</span> <span class='ocrx_word' id='word_1_30' title='bbox 443 1061 565 1127; x_wconf 91' lang='lat' dir='ltr'>colonos</span> <span class='ocrx_word' id='word_1_31' title='bbox 594 1061 748 1127; x_wconf 89' lang='lat' dir='ltr'>deducant</span> <span class='ocrx_word' id='word_1_32' title='bbox 775 1083 850 1146; x_wconf 93' lang='lat' dir='ltr'>quos</span> <span class='ocrx_word' id='word_1_33' title='bbox 878 1060 991 1143; x_wconf 89' lang='lat' dir='ltr'>velint,</span> <span class='ocrx_word' id='word_1_34' title='bbox 1018 1061 1118 1145; x_wconf 91' lang='lat' dir='ltr'>iisque</span> <span class='ocrx_word' id='word_1_35' title='bbox 1145 1060 1262 1125; x_wconf 89' lang='lat' dir='ltr'>colonis</span> <span class='ocrx_word' id='word_1_36' title='bbox 1290 1082 1385 1145; x_wconf 88' lang='lat' dir='ltr'>agros</span> <span class='ocrx_word' id='word_1_37' title='bbox 1410 1060 1466 1126; x_wconf 85' lang='lat' dir='ltr'>dari</span> 
     </span>
     <span class='ocr_line' id='line_1_6' title="bbox 312 1164 1465 1250; baseline -0.002 -18"><span class='ocrx_word' id='word_1_38' title='bbox 312 1168 408 1232; x_wconf 87' lang='lat' dir='ltr'>iubet.</span> <span class='ocrx_word' id='word_1_39' title='bbox 451 1166 534 1231; x_wconf 91' lang='lat' dir='ltr'>Num</span> <span class='ocrx_word' id='word_1_40' title='bbox 562 1166 688 1230; x_wconf 91' lang='lat' dir='ltr'>obscure</span> <span class='ocrx_word' id='word_1_41' title='bbox 715 1165 846 1230; x_wconf 88' lang='lat' dir='ltr'>maiores</span> <span class='ocrx_word' id='word_1_42' title='bbox 873 1186 960 1249; x_wconf 87' lang='lat' dir='ltr'>opes,</span> <span class='ocrx_word' id='word_1_43' title='bbox 994 1186 1088 1248; x_wconf 86' lang='lat' dir='ltr'>qnam</span> <span class='ocrx_word' id='word_1_44' title='bbox 1118 1164 1247 1230; x_wconf 88' lang='lat' dir='ltr'>libertas</span> <span class='ocrx_word' id='word_1_45' title='bbox 1277 1171 1388 1230; x_wconf 87' lang='lat' dir='ltr'>vestra</span> <span class='ocrx_word' id='word_1_46' title='bbox 1411 1164 1465 1250; x_wconf 82' lang='lat' dir='ltr'>peti</span> 
     </span>
     <span class='ocr_line' id='line_1_7' title="bbox 311 1265 1465 1357; baseline -0.003 -22"><span class='ocrx_word' id='word_1_47' title='bbox 311 1275 427 1357; x_wconf 88' lang='lat' dir='ltr'>potest,</span> <span class='ocrx_word' id='word_1_48' title='bbox 450 1290 485 1334; x_wconf 91' lang='lat' dir='ltr'>se</span> <span class='ocrx_word' id='word_1_49' title='bbox 513 1269 630 1334; x_wconf 88' lang='lat' dir='ltr'>maiora</span> <span class='ocrx_word' id='word_1_50' title='bbox 658 1269 811 1354; x_wconf 88' lang='lat' dir='ltr'>praesidia</span> <span class='ocrx_word' id='word_1_51' title='bbox 845 1265 1054 1354; x_wconf 77' lang='lat' dir='ltr'>quaeruntur?</span> <span class='ocrx_word' id='word_1_52' title='bbox 1082 1288 1159 1332; x_wconf 91' lang='lat' dir='ltr'>num</span> <span class='ocrx_word' id='word_1_53' title='bbox 1185 1268 1465 1351; x_wconf 82' lang='lat' dir='ltr'>obscureregnum</span> 
     </span>
    </p>

    <p class='ocr_par' dir='ltr' id='par_1_3' title="bbox 396 1396 1083 1448">
     <span class='ocr_line' id='line_1_8' title="bbox 396 1396 1083 1448; baseline -0.001 -9"><span class='ocrx_word' id='word_1_54' title='bbox 396 1398 429 1439; x_wconf 80' lang='lat' dir='ltr'>ib.</span> <span class='ocrx_word' id='word_1_55' title='bbox 443 1399 524 1448; x_wconf 69' lang='lat' dir='ltr'>coetui.</span> <span class='ocrx_word' id='word_1_56' title='bbox 537 1396 562 1429; x_wconf 90' lang='lat'>-&#39;-</span> <span class='ocrx_word' id='word_1_57' title='bbox 576 1399 656 1439; x_wconf 78' lang='lat' dir='ltr'>coteste</span> <span class='ocrx_word' id='word_1_58' title='bbox 669 1409 748 1448; x_wconf 75' lang='lat' dir='ltr'>earam</span> <span class='ocrx_word' id='word_1_59' title='bbox 761 1400 819 1439; x_wconf 69' lang='lat' dir='ltr'>deri.</span> <span class='ocrx_word' id='word_1_60' title='bbox 831 1417 857 1429; x_wconf 89' lang='lat'><em>-</em></span> <span class='ocrx_word' id='word_1_61' title='bbox 867 1401 944 1448; x_wconf 78' lang='lat' dir='ltr'>petest,</span> <span class='ocrx_word' id='word_1_62' title='bbox 959 1401 979 1438; x_wconf 81' lang='lat' dir='ltr'>st</span> <span class='ocrx_word' id='word_1_63' title='bbox 991 1399 1083 1438; x_wconf 81' lang='lat' dir='ltr'>matera.</span> 
     </span>
    </p>
   </div>
   <div class='ocr_carea' id='block_1_3' title="bbox 307 1490 1467 4744">
    <p class='ocr_par' dir='ltr' id='par_1_4' title="bbox 310 1490 1464 1822">
     <span class='ocr_line' id='line_1_9' title="bbox 311 1490 1464 1563; baseline 0 -16"><span class='ocrx_word' id='word_1_64' title='bbox 311 1494 405 1549; x_wconf 91' lang='lat' dir='ltr'>iudico.</span> <span class='ocrx_word' id='word_1_65' title='bbox 433 1492 527 1547; x_wconf 78' lang='lat' dir='ltr'>Contra</span> <span class='ocrx_word' id='word_1_66' title='bbox 544 1494 571 1546; x_wconf 92' lang='lat' dir='ltr'>iu</span> <span class='ocrx_word' id='word_1_67' title='bbox 589 1493 708 1546; x_wconf 90' lang='lat' dir='ltr'>omnibus</span> <span class='ocrx_word' id='word_1_68' title='bbox 726 1493 827 1560; x_wconf 86' lang='lat' dir='ltr'>legibus</span> <span class='ocrx_word' id='word_1_69' title='bbox 845 1492 954 1560; x_wconf 86' lang='lat' dir='ltr'>agrariis</span> <span class='ocrx_word' id='word_1_70' title='bbox 966 1493 1014 1546; x_wconf 92' lang='lat' dir='ltr'>hoc</span> <span class='ocrx_word' id='word_1_71' title='bbox 1032 1493 1142 1562; x_wconf 89' lang='lat' dir='ltr'>primum</span> <span class='ocrx_word' id='word_1_72' title='bbox 1160 1490 1261 1545; x_wconf 88' lang='lat' dir='ltr'>deliniri</span> <span class='ocrx_word' id='word_1_73' title='bbox 1273 1492 1464 1563; x_wconf 68' lang='lat' dir='ltr'>videmusque</span> 
     </span>
     <span class='ocr_line' id='line_1_10' title="bbox 312 1578 1463 1649; baseline -0.002 -13"><span class='ocrx_word' id='word_1_74' title='bbox 312 1581 427 1637; x_wconf 86' lang='lat' dir='ltr'>coloniae</span> <span class='ocrx_word' id='word_1_75' title='bbox 446 1579 610 1633; x_wconf 76' lang='lat' dir='ltr'>deducendae</span> <span class='ocrx_word' id='word_1_76' title='bbox 628 1579 689 1643; x_wconf 90' lang='lat' dir='ltr'>sint,</span> <span class='ocrx_word' id='word_1_77' title='bbox 708 1579 815 1632; x_wconf 88' lang='lat' dir='ltr'>alterum</span> <span class='ocrx_word' id='word_1_78' title='bbox 833 1582 874 1633; x_wconf 89' lang='lat' dir='ltr'>est</span> <span class='ocrx_word' id='word_1_79' title='bbox 891 1579 1005 1644; x_wconf 89' lang='lat' dir='ltr'>deloco,</span> <span class='ocrx_word' id='word_1_80' title='bbox 1023 1580 1066 1649; x_wconf 93' lang='lat' dir='ltr'>qui</span> <span class='ocrx_word' id='word_1_81' title='bbox 1084 1580 1107 1633; x_wconf 94' lang='lat' dir='ltr'>si</span> <span class='ocrx_word' id='word_1_82' title='bbox 1125 1594 1175 1633; x_wconf 91' lang='lat' dir='ltr'>nou</span> <span class='ocrx_word' id='word_1_83' title='bbox 1193 1578 1326 1645; x_wconf 83' lang='lat' dir='ltr'>definitur,</span> <span class='ocrx_word' id='word_1_84' title='bbox 1343 1582 1414 1635; x_wconf 84' lang='lat' dir='ltr'>certe</span> <span class='ocrx_word' id='word_1_85' title='bbox 1427 1596 1463 1634; x_wconf 88' lang='lat' dir='ltr'>err</span> 
     </span>
     <span class='ocr_line' id='line_1_11' title="bbox 311 1665 1462 1739; baseline -0.002 -16"><span class='ocrx_word' id='word_1_86' title='bbox 311 1669 424 1739; x_wconf 81' lang='lat' dir='ltr'>eligatur</span> <span class='ocrx_word' id='word_1_87' title='bbox 440 1671 468 1721; x_wconf 88' lang='lat' dir='ltr'>et</span> <span class='ocrx_word' id='word_1_88' title='bbox 485 1684 561 1737; x_wconf 91' lang='lat' dir='ltr'>quam</span> <span class='ocrx_word' id='word_1_89' title='bbox 579 1667 612 1720; x_wconf 85' lang='lat' dir='ltr'>ad</span> <span class='ocrx_word' id='word_1_90' title='bbox 630 1668 760 1736; x_wconf 80' lang='lat' dir='ltr'>regionem</span> <span class='ocrx_word' id='word_1_91' title='bbox 778 1667 910 1721; x_wconf 83' lang='lat' dir='ltr'>tutandam</span> <span class='ocrx_word' id='word_1_92' title='bbox 931 1665 1032 1730; x_wconf 89' lang='lat' dir='ltr'>dicitur,</span> <span class='ocrx_word' id='word_1_93' title='bbox 1051 1667 1154 1719; x_wconf 89' lang='lat' dir='ltr'>tertium</span> <span class='ocrx_word' id='word_1_94' title='bbox 1171 1670 1212 1719; x_wconf 88' lang='lat' dir='ltr'>est</span> <span class='ocrx_word' id='word_1_95' title='bbox 1229 1665 1261 1719; x_wconf 89' lang='lat' dir='ltr'>de</span> <span class='ocrx_word' id='word_1_96' title='bbox 1280 1682 1391 1721; x_wconf 88' lang='lat' dir='ltr'>numero</span> <span class='ocrx_word' id='word_1_97' title='bbox 1408 1667 1462 1721; x_wconf 81' lang='lat' dir='ltr'>octo</span> 
     </span>
     <span class='ocr_line' id='line_1_12' title="bbox 310 1750 1079 1822; baseline -0.009 -13"><span class='ocrx_word' id='word_1_98' title='bbox 310 1772 409 1809; x_wconf 90' lang='lat' dir='ltr'>norum.</span> <span class='ocrx_word' id='word_1_99' title='bbox 444 1753 617 1822; x_wconf 85' lang='lat' dir='ltr'>Similiterque</span> <span class='ocrx_word' id='word_1_100' title='bbox 635 1752 797 1806; x_wconf 89' lang='lat' dir='ltr'>scribendum</span> <span class='ocrx_word' id='word_1_101' title='bbox 815 1757 856 1806; x_wconf 91' lang='lat' dir='ltr'>est</span> <span class='ocrx_word' id='word_1_102' title='bbox 873 1756 938 1806; x_wconf 80' lang='lat' dir='ltr'>orat.</span> <span class='ocrx_word' id='word_1_103' title='bbox 956 1751 976 1814; x_wconf 93' lang='lat' dir='ltr'>I,</span> <span class='ocrx_word' id='word_1_104' title='bbox 995 1751 1020 1813; x_wconf 85' lang='lat'>5,</span> <span class='ocrx_word' id='word_1_105' title='bbox 1040 1750 1079 1803; x_wconf 80' lang='lat' dir='ltr'>ld.</span> 
     </span>
    </p>

    <p class='ocr_par' dir='ltr' id='par_1_5' title="bbox 307 1837 1467 4744">
     <span class='ocr_line' id='line_1_13' title="bbox 398 1837 1462 1908; baseline 0 -16"><span class='ocrx_word' id='word_1_106' title='bbox 398 1839 438 1894; x_wconf 81' lang='lat'>75.</span> <span class='ocrx_word' id='word_1_107' title='bbox 461 1838 496 1893; x_wconf 90' lang='lat' dir='ltr'>Ut</span> <span class='ocrx_word' id='word_1_108' title='bbox 511 1856 573 1893; x_wconf 83' lang='lat' dir='ltr'>uero</span> <span class='ocrx_word' id='word_1_109' title='bbox 591 1869 625 1878; x_wconf 94' lang='lat'>-</span> <span class='ocrx_word' id='word_1_110' title='bbox 650 1840 770 1908; x_wconf 76' lang='lat' dir='ltr'>cogitent.</span> <span class='ocrx_word' id='word_1_111' title='bbox 810 1838 869 1893; x_wconf 82' lang='lat' dir='ltr'>Non</span> <span class='ocrx_word' id='word_1_112' title='bbox 887 1839 951 1891; x_wconf 88' lang='lat' dir='ltr'>satis</span> <span class='ocrx_word' id='word_1_113' title='bbox 969 1837 1044 1891; x_wconf 87' lang='lat' dir='ltr'>Rullo</span> <span class='ocrx_word' id='word_1_114' title='bbox 1067 1838 1171 1907; x_wconf 90' lang='lat' dir='ltr'>eiusque</span> <span class='ocrx_word' id='word_1_115' title='bbox 1193 1839 1271 1893; x_wconf 89' lang='lat' dir='ltr'>sociis</span> <span class='ocrx_word' id='word_1_116' title='bbox 1294 1855 1356 1894; x_wconf 87' lang='lat' dir='ltr'>esse</span> <span class='ocrx_word' id='word_1_117' title='bbox 1373 1840 1423 1904; x_wconf 83' lang='lat' dir='ltr'>ait,</span> <span class='ocrx_word' id='word_1_118' title='bbox 1441 1844 1462 1892; x_wconf 89' lang='lat' dir='ltr'>ut</span> 
     </span>
     <span class='ocr_line' id='line_1_14' title="bbox 310 1924 1462 1998; baseline -0.003 -16"><span class='ocrx_word' id='word_1_119' title='bbox 310 1930 393 1998; x_wconf 86' lang='lat' dir='ltr'>ipsum</span> <span class='ocrx_word' id='word_1_120' title='bbox 415 1928 503 1981; x_wconf 92' lang='lat' dir='ltr'>urbem</span> <span class='ocrx_word' id='word_1_121' title='bbox 527 1925 663 1980; x_wconf 81' lang='lat' dir='ltr'>obsideant</span> <span class='ocrx_word' id='word_1_122' title='bbox 684 1926 858 1995; x_wconf 86' lang='lat' dir='ltr'>populumque</span> <span class='ocrx_word' id='word_1_123' title='bbox 880 1926 1025 1979; x_wconf 85' lang='lat' dir='ltr'>Romanum</span> <span class='ocrx_word' id='word_1_124' title='bbox 1051 1925 1079 1976; x_wconf 92' lang='lat' dir='ltr'>in</span> <span class='ocrx_word' id='word_1_125' title='bbox 1102 1924 1226 1978; x_wconf 84' lang='lat' dir='ltr'>dicionem</span> <span class='ocrx_word' id='word_1_126' title='bbox 1247 1941 1323 1979; x_wconf 85' lang='lat' dir='ltr'>suam</span> <span class='ocrx_word' id='word_1_127' title='bbox 1345 1926 1462 1996; x_wconf 72' lang='lat' dir='ltr'>redigant</span> 
     </span>
     <span class='ocr_line' id='line_1_15' title="bbox 308 2009 1464 2082; baseline -0.005 -13"><span class='ocrx_word' id='word_1_128' title='bbox 308 2015 371 2069; x_wconf 91' lang='lat' dir='ltr'>Plus</span> <span class='ocrx_word' id='word_1_129' title='bbox 390 2015 514 2082; x_wconf 78' lang='lat' dir='ltr'>spectum,</span> <span class='ocrx_word' id='word_1_130' title='bbox 532 2015 611 2064; x_wconf 87' lang='lat' dir='ltr'>totam</span> <span class='ocrx_word' id='word_1_131' title='bbox 629 2011 730 2064; x_wconf 83' lang='lat' dir='ltr'>ltaliam</span> <span class='ocrx_word' id='word_1_132' title='bbox 748 2010 898 2078; x_wconf 89' lang='lat' dir='ltr'>occupaturi</span> <span class='ocrx_word' id='word_1_133' title='bbox 917 2013 985 2063; x_wconf 88' lang='lat' dir='ltr'>suut.</span> <span class='ocrx_word' id='word_1_134' title='bbox 1021 2009 1105 2074; x_wconf 88' lang='lat' dir='ltr'>Quare</span> <span class='ocrx_word' id='word_1_135' title='bbox 1122 2025 1180 2063; x_wconf 89' lang='lat' dir='ltr'>eum</span> <span class='ocrx_word' id='word_1_136' title='bbox 1197 2011 1292 2063; x_wconf 90' lang='lat' dir='ltr'>minori</span> <span class='ocrx_word' id='word_1_137' title='bbox 1310 2011 1349 2063; x_wconf 88' lang='lat' dir='ltr'>rei</span> <span class='ocrx_word' id='word_1_138' title='bbox 1368 2011 1464 2065; x_wconf 79' lang='lat' dir='ltr'>adiiciat</span> 
     </span>
     <span class='ocr_line' id='line_1_16' title="bbox 308 2093 1465 2163; baseline -0.003 -11"><span class='ocrx_word' id='word_1_139' title='bbox 308 2099 440 2161; x_wconf 89' lang='lat' dir='ltr'>maiorem,</span> <span class='ocrx_word' id='word_1_140' title='bbox 458 2095 590 2163; x_wconf 90' lang='lat' dir='ltr'>proprium</span> <span class='ocrx_word' id='word_1_141' title='bbox 609 2110 683 2163; x_wconf 85' lang='lat' dir='ltr'>snum</span> <span class='ocrx_word' id='word_1_142' title='bbox 701 2093 787 2147; x_wconf 92' lang='lat' dir='ltr'>locum</span> <span class='ocrx_word' id='word_1_143' title='bbox 805 2093 883 2146; x_wconf 89' lang='lat' dir='ltr'>habet</span> <span class='ocrx_word' id='word_1_144' title='bbox 899 2109 961 2147; x_wconf 82' lang='lat' dir='ltr'>vero</span> <span class='ocrx_word' id='word_1_145' title='bbox 978 2093 1117 2160; x_wconf 88' lang='lat' dir='ltr'>eademqne</span> <span class='ocrx_word' id='word_1_146' title='bbox 1139 2094 1267 2162; x_wconf 88' lang='lat' dir='ltr'>particula</span> <span class='ocrx_word' id='word_1_147' title='bbox 1283 2095 1313 2147; x_wconf 89' lang='lat' dir='ltr'>in</span> <span class='ocrx_word' id='word_1_148' title='bbox 1335 2095 1428 2149; x_wconf 64' lang='lat' dir='ltr'>emam</span> <span class='ocrx_word' id='word_1_149' title='bbox 1441 2111 1465 2149; x_wconf 89' lang='lat' dir='ltr'>re</span> 
     </span>
     <span class='ocr_line' id='line_1_17' title="bbox 308 2180 1464 2253; baseline 0.001 -17"><span class='ocrx_word' id='word_1_150' title='bbox 308 2185 390 2237; x_wconf 89' lang='lat' dir='ltr'>utitur</span> <span class='ocrx_word' id='word_1_151' title='bbox 399 2184 462 2235; x_wconf 83' lang='lat' dir='ltr'>orat</span> <span class='ocrx_word' id='word_1_152' title='bbox 480 2181 501 2245; x_wconf 93' lang='lat'>1,</span> <span class='ocrx_word' id='word_1_153' title='bbox 514 2182 539 2246; x_wconf 85' lang='grc'>6,</span> <span class='ocrx_word' id='word_1_154' title='bbox 550 2181 590 2235; x_wconf 80' lang='lat' dir='ltr'>lt.</span> <span class='ocrx_word' id='word_1_155' title='bbox 627 2181 755 2249; x_wconf 90' lang='lat' dir='ltr'>Perpetuo</span> <span class='ocrx_word' id='word_1_156' title='bbox 773 2184 859 2234; x_wconf 89' lang='lat' dir='ltr'>sutem</span> <span class='ocrx_word' id='word_1_157' title='bbox 877 2182 959 2234; x_wconf 86' lang='lat' dir='ltr'>oratio</span> <span class='ocrx_word' id='word_1_158' title='bbox 976 2181 1044 2233; x_wconf 88' lang='lat' dir='ltr'>inter</span> <span class='ocrx_word' id='word_1_159' title='bbox 1061 2180 1163 2233; x_wconf 86' lang='lat' dir='ltr'>Rullum</span> <span class='ocrx_word' id='word_1_160' title='bbox 1181 2184 1208 2233; x_wconf 92' lang='lat' dir='ltr'>et</span> <span class='ocrx_word' id='word_1_161' title='bbox 1223 2181 1292 2234; x_wconf 89' lang='lat' dir='ltr'>iuter</span> <span class='ocrx_word' id='word_1_162' title='bbox 1309 2183 1399 2253; x_wconf 85' lang='lat' dir='ltr'>socios</span> <span class='ocrx_word' id='word_1_163' title='bbox 1416 2183 1464 2237; x_wconf 84' lang='lat' dir='ltr'>eius</span> 
     </span>
     <span class='ocr_line' id='line_1_18' title="bbox 308 2267 1464 2337; baseline 0 -15"><span class='ocrx_word' id='word_1_164' title='bbox 308 2268 456 2336; x_wconf 82' lang='lat' dir='ltr'>Xuirosque</span> <span class='ocrx_word' id='word_1_165' title='bbox 473 2269 565 2332; x_wconf 82' lang='lat' dir='ltr'>uariat,</span> <span class='ocrx_word' id='word_1_166' title='bbox 582 2271 612 2320; x_wconf 91' lang='lat' dir='ltr'>ut</span> <span class='ocrx_word' id='word_1_167' title='bbox 629 2267 755 2336; x_wconf 89' lang='lat' dir='ltr'>pluralem</span> <span class='ocrx_word' id='word_1_168' title='bbox 773 2268 899 2336; x_wconf 80' lang='lat' dir='ltr'>cogitent,</span> <span class='ocrx_word' id='word_1_169' title='bbox 917 2284 992 2337; x_wconf 90' lang='lat' dir='ltr'>quem</span> <span class='ocrx_word' id='word_1_170' title='bbox 1009 2267 1125 2321; x_wconf 89' lang='lat' dir='ltr'>codicum</span> <span class='ocrx_word' id='word_1_171' title='bbox 1142 2269 1281 2321; x_wconf 87' lang='lat' dir='ltr'>auctoritas</span> <span class='ocrx_word' id='word_1_172' title='bbox 1298 2268 1464 2333; x_wconf 80' lang='lat' dir='ltr'>commendat,</span> 
     </span>
     <span class='ocr_line' id='line_1_19' title="bbox 308 2351 1464 2422; baseline -0.003 -12"><span class='ocrx_word' id='word_1_173' title='bbox 308 2355 422 2422; x_wconf 84' lang='lat' dir='ltr'>recipere</span> <span class='ocrx_word' id='word_1_174' title='bbox 445 2367 497 2407; x_wconf 90' lang='lat' dir='ltr'>non</span> <span class='ocrx_word' id='word_1_175' title='bbox 520 2351 666 2405; x_wconf 88' lang='lat' dir='ltr'>dubitarim.</span> <span class='ocrx_word' id='word_1_176' title='bbox 689 2380 723 2389; x_wconf 93' lang='lat'><em>-</em></span> <span class='ocrx_word' id='word_1_177' title='bbox 747 2351 880 2405; x_wconf 82' lang='lat' dir='ltr'>Permittit</span> <span class='ocrx_word' id='word_1_178' title='bbox 897 2352 990 2405; x_wconf 84' lang='lat' dir='ltr'>Xuiris</span> <span class='ocrx_word' id='word_1_179' title='bbox 1006 2356 1054 2406; x_wconf 84' lang='lat' dir='ltr'>cet</span> <span class='ocrx_word' id='word_1_180' title='bbox 1094 2352 1154 2421; x_wconf 89' lang='lat' dir='ltr'>Ipsa</span> <span class='ocrx_word' id='word_1_181' title='bbox 1176 2353 1242 2421; x_wconf 89' lang='lat' dir='ltr'>legis</span> <span class='ocrx_word' id='word_1_182' title='bbox 1258 2354 1342 2407; x_wconf 86' lang='lat' dir='ltr'>rerba</span> <span class='ocrx_word' id='word_1_183' title='bbox 1360 2354 1424 2408; x_wconf 80' lang='lat' dir='ltr'>citat</span> <span class='ocrx_word' id='word_1_184' title='bbox 1441 2354 1464 2406; x_wconf 90' lang='lat' dir='ltr'>ir</span> 
     </span>
     <span class='ocr_line' id='line_1_20' title="bbox 308 2438 1466 2509; baseline -0.002 -13"><span class='ocrx_word' id='word_1_185' title='bbox 308 2442 424 2497; x_wconf 79' lang='lat' dir='ltr'>oratione</span> <span class='ocrx_word' id='word_1_186' title='bbox 446 2441 530 2509; x_wconf 87' lang='lat' dir='ltr'>prima</span> <span class='ocrx_word' id='word_1_187' title='bbox 546 2440 561 2504; x_wconf 71' lang='grc' dir='ltr'><strong>ξ</strong></span> <span class='ocrx_word' id='word_1_188' title='bbox 580 2440 625 2492; x_wconf 81' lang='lat' dir='ltr'>lt:</span> <span class='ocrx_word' id='word_1_189' title='bbox 655 2438 727 2502; x_wconf 83' lang='lat' dir='ltr'>Quae</span> <span class='ocrx_word' id='word_1_190' title='bbox 750 2440 779 2492; x_wconf 83' lang='lat' dir='ltr'>io</span> <span class='ocrx_word' id='word_1_191' title='bbox 799 2439 946 2509; x_wconf 72' lang='lat' dir='ltr'>rountcpta</span> <span class='ocrx_word' id='word_1_192' title='bbox 968 2455 1081 2507; x_wconf 83' lang='lat' dir='ltr'>quosque</span> <span class='ocrx_word' id='word_1_193' title='bbox 1103 2439 1132 2491; x_wconf 82' lang='lat' dir='ltr'>ia</span> <span class='ocrx_word' id='word_1_194' title='bbox 1155 2439 1270 2493; x_wconf 78' lang='lat' dir='ltr'>celesius</span> <span class='ocrx_word' id='word_1_195' title='bbox 1289 2439 1374 2493; x_wconf 80' lang='lat' dir='ltr'>Xoisi</span> <span class='ocrx_word' id='word_1_196' title='bbox 1393 2438 1466 2494; x_wconf 72' lang='lat' dir='ltr'>actu</span> 
     </span>
     <span class='ocr_line' id='line_1_21' title="bbox 308 2525 1464 2596; baseline 0 -15"><span class='ocrx_word' id='word_1_197' title='bbox 308 2528 438 2581; x_wconf 69' lang='lat' dir='ltr'>deducam</span> <span class='ocrx_word' id='word_1_198' title='bbox 455 2527 557 2579; x_wconf 69' lang='lat' dir='ltr'>somnos</span> <span class='ocrx_word' id='word_1_199' title='bbox 572 2543 634 2593; x_wconf 86' lang='lat' dir='ltr'>quos</span> <span class='ocrx_word' id='word_1_200' title='bbox 650 2527 732 2579; x_wconf 79' lang='lat' dir='ltr'>veiint</span> <span class='ocrx_word' id='word_1_201' title='bbox 749 2533 775 2580; x_wconf 89' lang='lat' dir='ltr'>et</span> <span class='ocrx_word' id='word_1_202' title='bbox 790 2526 825 2578; x_wconf 85' lang='lat' dir='ltr'>iis</span> <span class='ocrx_word' id='word_1_203' title='bbox 843 2542 921 2596; x_wconf 75' lang='lat' dir='ltr'>agros</span> <span class='ocrx_word' id='word_1_204' title='bbox 938 2526 1073 2595; x_wconf 75' lang='lat' dir='ltr'>assignent</span> <span class='ocrx_word' id='word_1_205' title='bbox 1083 2543 1146 2593; x_wconf 84' lang='lat' dir='ltr'>quos</span> <span class='ocrx_word' id='word_1_206' title='bbox 1156 2526 1244 2590; x_wconf 80' lang='lat' dir='ltr'>beliot,</span> <span class='ocrx_word' id='word_1_207' title='bbox 1261 2525 1331 2579; x_wconf 89' lang='lat' dir='ltr'>unde</span> <span class='ocrx_word' id='word_1_208' title='bbox 1343 2526 1464 2596; x_wconf 73' lang='lat' dir='ltr'>pronun</span> 
     </span>
     <span class='ocr_line' id='line_1_22' title="bbox 310 2610 1464 2683; baseline -0.001 -17"><span class='ocrx_word' id='word_1_209' title='bbox 310 2630 396 2683; x_wconf 79' lang='lat' dir='ltr'>apros,</span> <span class='ocrx_word' id='word_1_210' title='bbox 405 2628 480 2682; x_wconf 90' lang='lat' dir='ltr'>quem</span> <span class='ocrx_word' id='word_1_211' title='bbox 491 2612 707 2682; x_wconf 70' lang='lat' dir='ltr'>praestantissimi</span> <span class='ocrx_word' id='word_1_212' title='bbox 716 2612 816 2681; x_wconf 83' lang='lat' dir='ltr'>codices</span> <span class='ocrx_word' id='word_1_213' title='bbox 825 2615 936 2677; x_wconf 89' lang='lat' dir='ltr'>tuentur,</span> <span class='ocrx_word' id='word_1_214' title='bbox 947 2628 974 2665; x_wconf 92' lang='lat' dir='ltr'>re</span> <span class='ocrx_word' id='word_1_215' title='bbox 982 2613 1039 2681; x_wconf 89' lang='lat' dir='ltr'>ipsa</span> <span class='ocrx_word' id='word_1_216' title='bbox 1047 2613 1152 2680; x_wconf 88' lang='lat' dir='ltr'>probari</span> <span class='ocrx_word' id='word_1_217' title='bbox 1162 2616 1277 2681; x_wconf 80' lang='lat' dir='ltr'>apparet</span> <span class='ocrx_word' id='word_1_218' title='bbox 1287 2640 1323 2651; x_wconf 91' lang='lat'><em>-</em></span> <span class='ocrx_word' id='word_1_219' title='bbox 1331 2610 1408 2665; x_wconf 67' lang='lat' dir='ltr'>Mer</span> <span class='ocrx_word' id='word_1_220' title='bbox 1415 2628 1464 2665; x_wconf 81' lang='lat' dir='ltr'>cres</span> 
     </span>
     <span class='ocr_line' id='line_1_23' title="bbox 309 2685 1464 2765; baseline 0.003 -14"><span class='ocrx_word' id='word_1_221' title='bbox 309 2698 389 2752; x_wconf 84' lang='lat' dir='ltr'>iidem</span> <span class='ocrx_word' id='word_1_222' title='bbox 397 2726 431 2736; x_wconf 91' lang='lat'><em>-</em></span> <span class='ocrx_word' id='word_1_223' title='bbox 440 2698 620 2765; x_wconf 77' lang='lat' dir='ltr'>relinquetur!</span> <span class='ocrx_word' id='word_1_224' title='bbox 629 2697 658 2749; x_wconf 93' lang='lat' dir='ltr'>ln</span> <span class='ocrx_word' id='word_1_225' title='bbox 668 2697 800 2751; x_wconf 78' lang='lat' dir='ltr'>codicibus</span> <span class='ocrx_word' id='word_1_226' title='bbox 810 2697 912 2749; x_wconf 89' lang='lat' dir='ltr'>initium</span> <span class='ocrx_word' id='word_1_227' title='bbox 920 2685 997 2755; x_wconf 83' lang='lat' dir='ltr'>huius</span> <span class='ocrx_word' id='word_1_228' title='bbox 1010 2696 1061 2749; x_wconf 92' lang='lat' dir='ltr'>loci</span> <span class='ocrx_word' id='word_1_229' title='bbox 1076 2698 1114 2750; x_wconf 90' lang='lat' dir='ltr'>sic</span> <span class='ocrx_word' id='word_1_230' title='bbox 1127 2697 1222 2765; x_wconf 89' lang='lat' dir='ltr'>legitur</span> <span class='ocrx_word' id='word_1_231' title='bbox 1232 2697 1354 2751; x_wconf 88' lang='lat' dir='ltr'>sins-ulla</span> <span class='ocrx_word' id='word_1_232' title='bbox 1364 2697 1464 2753; x_wconf 76' lang='lat' dir='ltr'>notabili</span> 
     </span>
     <span class='ocr_line' id='line_1_24' title="bbox 311 2774 1464 2853; baseline 0 -16"><span class='ocrx_word' id='word_1_233' title='bbox 311 2784 494 2853; x_wconf 81' lang='lat' dir='ltr'>discrepantia:</span> <span class='ocrx_word' id='word_1_234' title='bbox 511 2782 649 2837; x_wconf 83' lang='lat' dir='ltr'>Nemeum</span> <span class='ocrx_word' id='word_1_235' title='bbox 666 2783 744 2836; x_wconf 84' lang='lat' dir='ltr'>iidem</span> <span class='ocrx_word' id='word_1_236' title='bbox 754 2799 851 2836; x_wconf 81' lang='lat' dir='ltr'>munem</span> <span class='ocrx_word' id='word_1_237' title='bbox 856 2783 1003 2852; x_wconf 75' lang='lat' dir='ltr'>peccatam,</span> <span class='ocrx_word' id='word_1_238' title='bbox 1012 2774 1153 2835; x_wconf 71' lang='lat' dir='ltr'>marimum</span> <span class='ocrx_word' id='word_1_239' title='bbox 1170 2783 1372 2848; x_wconf 78' lang='lat' dir='ltr'>multitudinem,</span> <span class='ocrx_word' id='word_1_240' title='bbox 1390 2784 1420 2839; x_wconf 84' lang='lat' dir='ltr'>id</span> <span class='ocrx_word' id='word_1_241' title='bbox 1432 2789 1464 2837; x_wconf 82' lang='lat' dir='ltr'>eet</span> 
     </span>
     <span class='ocr_line' id='line_1_25' title="bbox 311 2866 1462 2939; baseline 0 -16"><span class='ocrx_word' id='word_1_242' title='bbox 311 2877 389 2925; x_wconf 87' lang='lat' dir='ltr'>totum</span> <span class='ocrx_word' id='word_1_243' title='bbox 400 2868 507 2922; x_wconf 83' lang='lat' dir='ltr'>Italiam</span> <span class='ocrx_word' id='word_1_244' title='bbox 515 2869 570 2922; x_wconf 87' lang='lat' dir='ltr'>sais</span> <span class='ocrx_word' id='word_1_245' title='bbox 587 2867 677 2938; x_wconf 83' lang='lat' dir='ltr'>opibus</span> <span class='ocrx_word' id='word_1_246' title='bbox 692 2867 847 2932; x_wconf 68' lang='lat' dir='ltr'>obsedebant,</span> <span class='ocrx_word' id='word_1_247' title='bbox 859 2883 925 2936; x_wconf 89' lang='lat' dir='ltr'>quae</span> <span class='ocrx_word' id='word_1_248' title='bbox 936 2868 985 2921; x_wconf 90' lang='lat' dir='ltr'>etsi</span> <span class='ocrx_word' id='word_1_249' title='bbox 996 2866 1131 2920; x_wconf 88' lang='lat' dir='ltr'>ediderunt</span> <span class='ocrx_word' id='word_1_250' title='bbox 1141 2868 1178 2919; x_wconf 90' lang='lat' dir='ltr'>ita</span> <span class='ocrx_word' id='word_1_251' title='bbox 1187 2867 1312 2934; x_wconf 88' lang='lat' dir='ltr'>nonnulli,</span> <span class='ocrx_word' id='word_1_252' title='bbox 1326 2871 1374 2939; x_wconf 90' lang='lat' dir='ltr'>qui</span> <span class='ocrx_word' id='word_1_253' title='bbox 1386 2874 1462 2925; x_wconf 64' lang='lat' dir='ltr'>umen</span> 
     </span>
     <span class='ocr_line' id='line_1_26' title="bbox 309 2952 1461 3025; baseline 0 -16"><span class='ocrx_word' id='word_1_254' title='bbox 309 2955 440 3009; x_wconf 89' lang='lat' dir='ltr'>commode</span> <span class='ocrx_word' id='word_1_255' title='bbox 454 2954 563 3023; x_wconf 81' lang='lat' dir='ltr'>intelligi</span> <span class='ocrx_word' id='word_1_256' title='bbox 578 2969 655 3024; x_wconf 88' lang='lat' dir='ltr'>posse</span> <span class='ocrx_word' id='word_1_257' title='bbox 663 2955 830 3018; x_wconf 86' lang='lat' dir='ltr'>existimaret,</span> <span class='ocrx_word' id='word_1_258' title='bbox 846 2953 959 3007; x_wconf 89' lang='lat' dir='ltr'>nondum</span> <span class='ocrx_word' id='word_1_259' title='bbox 973 2953 1058 3006; x_wconf 87' lang='lat' dir='ltr'>inueni</span> <span class='ocrx_word' id='word_1_260' title='bbox 1068 2969 1226 3022; x_wconf 83' lang='lat' dir='ltr'>quemquem.</span> <span class='ocrx_word' id='word_1_261' title='bbox 1245 2952 1461 3025; x_wconf 67' lang='lat' dir='ltr'>septimumque</span> 
     </span>
     <span class='ocr_line' id='line_1_27' title="bbox 309 3039 1462 3111; baseline -0.001 -15"><span class='ocrx_word' id='word_1_262' title='bbox 309 3041 367 3096; x_wconf 92' lang='lat' dir='ltr'>dem</span> <span class='ocrx_word' id='word_1_263' title='bbox 372 3041 474 3094; x_wconf 88' lang='lat' dir='ltr'>Italiam</span> <span class='ocrx_word' id='word_1_264' title='bbox 483 3041 625 3108; x_wconf 80' lang='lat' dir='ltr'>apparebat</span> <span class='ocrx_word' id='word_1_265' title='bbox 632 3055 710 3109; x_wconf 89' lang='lat' dir='ltr'>posse</span> <span class='ocrx_word' id='word_1_266' title='bbox 718 3039 840 3104; x_wconf 86' lang='lat' dir='ltr'>obsideri,</span> <span class='ocrx_word' id='word_1_267' title='bbox 850 3040 984 3108; x_wconf 89' lang='lat' dir='ltr'>pecuniam</span> <span class='ocrx_word' id='word_1_268' title='bbox 994 3043 1020 3092; x_wconf 88' lang='lat' dir='ltr'>et</span> <span class='ocrx_word' id='word_1_269' title='bbox 1029 3039 1215 3093; x_wconf 88' lang='lat' dir='ltr'>multitudinem</span> <span class='ocrx_word' id='word_1_270' title='bbox 1227 3054 1279 3092; x_wconf 90' lang='lat' dir='ltr'>non</span> <span class='ocrx_word' id='word_1_271' title='bbox 1288 3055 1383 3108; x_wconf 79' lang='lat' dir='ltr'>posse:</span> <span class='ocrx_word' id='word_1_272' title='bbox 1392 3056 1462 3111; x_wconf 77' lang='lat' dir='ltr'>quare</span> 
     </span>
     <span class='ocr_line' id='line_1_28' title="bbox 309 3124 1460 3196; baseline -0.002 -15"><span class='ocrx_word' id='word_1_273' title='bbox 309 3127 403 3196; x_wconf 86' lang='lat' dir='ltr'>partim</span> <span class='ocrx_word' id='word_1_274' title='bbox 421 3139 528 3193; x_wconf 87' lang='lat' dir='ltr'>zeugma</span> <span class='ocrx_word' id='word_1_275' title='bbox 544 3126 630 3179; x_wconf 90' lang='lat' dir='ltr'>nescio</span> <span class='ocrx_word' id='word_1_276' title='bbox 647 3124 716 3193; x_wconf 91' lang='lat' dir='ltr'>quod</span> <span class='ocrx_word' id='word_1_277' title='bbox 733 3140 790 3179; x_wconf 85' lang='lat' dir='ltr'>esse</span> <span class='ocrx_word' id='word_1_278' title='bbox 807 3128 961 3190; x_wconf 88' lang='lat' dir='ltr'>statuerunt,</span> <span class='ocrx_word' id='word_1_279' title='bbox 979 3125 1054 3194; x_wconf 91' lang='lat' dir='ltr'>quale</span> <span class='ocrx_word' id='word_1_280' title='bbox 1072 3125 1181 3186; x_wconf 81' lang='lat' dir='ltr'>tortasse</span> <span class='ocrx_word' id='word_1_281' title='bbox 1198 3126 1226 3178; x_wconf 91' lang='lat' dir='ltr'>in</span> <span class='ocrx_word' id='word_1_282' title='bbox 1244 3126 1328 3178; x_wconf 76' lang='lat' dir='ltr'>Tacid</span> <span class='ocrx_word' id='word_1_283' title='bbox 1352 3128 1460 3181; x_wconf 82' lang='lat' dir='ltr'>oratioue</span> 
     </span>
     <span class='ocr_line' id='line_1_29' title="bbox 309 3210 1460 3283; baseline 0 -18"><span class='ocrx_word' id='word_1_284' title='bbox 309 3212 448 3278; x_wconf 81' lang='lat' dir='ltr'>reperitur,</span> <span class='ocrx_word' id='word_1_285' title='bbox 465 3210 535 3278; x_wconf 86' lang='lat' dir='ltr'>apud</span> <span class='ocrx_word' id='word_1_286' title='bbox 552 3211 701 3265; x_wconf 82' lang='lat' dir='ltr'>Ciceronem</span> <span class='ocrx_word' id='word_1_287' title='bbox 725 3211 857 3264; x_wconf 86' lang='lat' dir='ltr'>ierrinon</span> <span class='ocrx_word' id='word_1_288' title='bbox 874 3226 953 3279; x_wconf 85' lang='lat' dir='ltr'>posse</span> <span class='ocrx_word' id='word_1_289' title='bbox 971 3211 1117 3277; x_wconf 88' lang='lat' dir='ltr'>credemus,</span> <span class='ocrx_word' id='word_1_290' title='bbox 1143 3212 1237 3281; x_wconf 86' lang='lat' dir='ltr'>partim</span> <span class='ocrx_word' id='word_1_291' title='bbox 1260 3211 1295 3265; x_wconf 85' lang='lat' dir='ltr'>ad</span> <span class='ocrx_word' id='word_1_292' title='bbox 1315 3212 1385 3266; x_wconf 90' lang='lat' dir='ltr'>illud</span> <span class='ocrx_word' id='word_1_293' title='bbox 1400 3210 1460 3283; x_wconf 88' lang='lat' dir='ltr'>quod</span> 
     </span>
     <span class='ocr_line' id='line_1_30' title="bbox 310 3290 1461 3367; baseline 0.002 -18"><span class='ocrx_word' id='word_1_294' title='bbox 310 3296 446 3349; x_wconf 90' lang='lat' dir='ltr'>admodum</span> <span class='ocrx_word' id='word_1_295' title='bbox 463 3295 589 3349; x_wconf 91' lang='lat' dir='ltr'>lubricum</span> <span class='ocrx_word' id='word_1_296' title='bbox 609 3301 650 3349; x_wconf 87' lang='lat' dir='ltr'>est</span> <span class='ocrx_word' id='word_1_297' title='bbox 666 3312 697 3349; x_wconf 86' lang='lat' dir='ltr'>ae</span> <span class='ocrx_word' id='word_1_298' title='bbox 713 3312 761 3365; x_wconf 88' lang='lat' dir='ltr'>pro</span> <span class='ocrx_word' id='word_1_299' title='bbox 778 3291 894 3350; x_wconf 86' lang='lat' dir='ltr'>extiemo</span> <span class='ocrx_word' id='word_1_300' title='bbox 914 3297 987 3364; x_wconf 89' lang='lat' dir='ltr'>quasi</span> <span class='ocrx_word' id='word_1_301' title='bbox 1005 3298 1109 3367; x_wconf 89' lang='lat' dir='ltr'>reliquis</span> <span class='ocrx_word' id='word_1_302' title='bbox 1120 3297 1197 3351; x_wconf 89' lang='lat' dir='ltr'>rebus</span> <span class='ocrx_word' id='word_1_303' title='bbox 1215 3290 1362 3366; x_wconf 85' lang='lat' dir='ltr'>desperatis</span> <span class='ocrx_word' id='word_1_304' title='bbox 1374 3296 1461 3351; x_wconf 69' lang='lat' dir='ltr'>damu·</span> 
     </span>
     <span class='ocr_line' id='line_1_31' title="bbox 310 3380 1460 3454; baseline 0.001 -20"><span class='ocrx_word' id='word_1_305' title='bbox 310 3380 371 3434; x_wconf 90' lang='lat' dir='ltr'>dum</span> <span class='ocrx_word' id='word_1_306' title='bbox 388 3382 436 3444; x_wconf 89' lang='lat' dir='ltr'>est,</span> <span class='ocrx_word' id='word_1_307' title='bbox 454 3380 577 3433; x_wconf 87' lang='lat' dir='ltr'>auxilium</span> <span class='ocrx_word' id='word_1_308' title='bbox 595 3381 791 3447; x_wconf 87' lang='lat' dir='ltr'>descenderunt,</span> <span class='ocrx_word' id='word_1_309' title='bbox 808 3386 837 3436; x_wconf 90' lang='lat' dir='ltr'>ut</span> <span class='ocrx_word' id='word_1_310' title='bbox 849 3383 956 3436; x_wconf 81' lang='lat' dir='ltr'>uerbum</span> <span class='ocrx_word' id='word_1_311' title='bbox 974 3385 1100 3439; x_wconf 84' lang='lat' dir='ltr'>excidisse</span> <span class='ocrx_word' id='word_1_312' title='bbox 1112 3387 1247 3454; x_wconf 70' lang='lat' dir='ltr'>putarent,¹</span> <span class='ocrx_word' id='word_1_313' title='bbox 1258 3383 1460 3453; x_wconf 82' lang='lat' dir='ltr'>scripseruntque</span> 
     </span>
     <span class='ocr_line' id='line_1_32' title="bbox 310 3465 1460 3540; baseline 0.003 -23"><span class='ocrx_word' id='word_1_314' title='bbox 310 3481 408 3518; x_wconf 80' lang='lat' dir='ltr'>munem</span> <span class='ocrx_word' id='word_1_315' title='bbox 425 3465 579 3534; x_wconf 73' lang='lat' dir='ltr'>pessuium,</span> <span class='ocrx_word' id='word_1_316' title='bbox 602 3468 741 3521; x_wconf 63' lang='lat' dir='ltr'>maximam</span> <span class='ocrx_word' id='word_1_317' title='bbox 765 3468 955 3522; x_wconf 77' lang='lat' dir='ltr'>multitudinem</span> <span class='ocrx_word' id='word_1_318' title='bbox 978 3469 1130 3524; x_wconf 73' lang='lat' dir='ltr'>obtinebam.</span> <span class='ocrx_word' id='word_1_319' title='bbox 1166 3470 1325 3540; x_wconf 84' lang='lat' dir='ltr'>Quamquam</span> <span class='ocrx_word' id='word_1_320' title='bbox 1348 3471 1377 3524; x_wconf 85' lang='lat' dir='ltr'>ht</span> <span class='ocrx_word' id='word_1_321' title='bbox 1390 3467 1460 3525; x_wconf 69' lang='lat' dir='ltr'>mutui</span> 
     </span>
     <span class='ocr_line' id='line_1_33' title="bbox 309 3553 1460 3624; baseline 0.003 -16"><span class='ocrx_word' id='word_1_322' title='bbox 309 3554 373 3609; x_wconf 90' lang='lat' dir='ltr'>illud</span> <span class='ocrx_word' id='word_1_323' title='bbox 390 3553 421 3607; x_wconf 75' lang='lat' dir='ltr'>iri</span> <span class='ocrx_word' id='word_1_324' title='bbox 436 3560 476 3606; x_wconf 86' lang='lat' dir='ltr'>est</span> <span class='ocrx_word' id='word_1_325' title='bbox 491 3554 581 3608; x_wconf 82' lang='lat' dir='ltr'>tollere</span> <span class='ocrx_word' id='word_1_326' title='bbox 599 3556 757 3624; x_wconf 87' lang='lat' dir='ltr'>cogebantur</span> <span class='ocrx_word' id='word_1_327' title='bbox 773 3572 821 3609; x_wconf 89' lang='lat' dir='ltr'>nec</span> <span class='ocrx_word' id='word_1_328' title='bbox 839 3555 950 3609; x_wconf 86' lang='lat' dir='ltr'>difficilis</span> <span class='ocrx_word' id='word_1_329' title='bbox 967 3556 1103 3610; x_wconf 88' lang='lat' dir='ltr'>ridebatur</span> <span class='ocrx_word' id='word_1_330' title='bbox 1120 3572 1176 3610; x_wconf 87' lang='lat' dir='ltr'>esse</span> <span class='ocrx_word' id='word_1_331' title='bbox 1188 3557 1343 3623; x_wconf 82' lang='lat' dir='ltr'>coniectura,</span> <span class='ocrx_word' id='word_1_332' title='bbox 1360 3561 1391 3611; x_wconf 87' lang='lat' dir='ltr'>ut</span> <span class='ocrx_word' id='word_1_333' title='bbox 1406 3555 1460 3611; x_wconf 86' lang='lat' dir='ltr'>seri·</span> 
     </span>
     <span class='ocr_line' id='line_1_34' title="bbox 309 3641 1459 3712; baseline 0 -18"><span class='ocrx_word' id='word_1_334' title='bbox 309 3642 413 3694; x_wconf 89' lang='lat' dir='ltr'>beretur</span> <span class='ocrx_word' id='word_1_335' title='bbox 428 3655 476 3708; x_wconf 88' lang='lat' dir='ltr'>pro</span> <span class='ocrx_word' id='word_1_336' title='bbox 494 3656 525 3695; x_wconf 89' lang='lat' dir='ltr'>eo</span> <span class='ocrx_word' id='word_1_337' title='bbox 543 3642 629 3705; x_wconf 80' lang='lat' dir='ltr'>iidem,</span> <span class='ocrx_word' id='word_1_338' title='bbox 646 3642 855 3710; x_wconf 87' lang='lat' dir='ltr'>repetitionisque</span> <span class='ocrx_word' id='word_1_339' title='bbox 872 3641 955 3710; x_wconf 87' lang='lat' dir='ltr'>ligura</span> <span class='ocrx_word' id='word_1_340' title='bbox 966 3644 1107 3697; x_wconf 87' lang='lat' dir='ltr'>constituta</span> <span class='ocrx_word' id='word_1_341' title='bbox 1125 3646 1164 3697; x_wconf 91' lang='lat' dir='ltr'>ter</span> <span class='ocrx_word' id='word_1_342' title='bbox 1181 3658 1323 3712; x_wconf 89' lang='lat' dir='ltr'>pronomen</span> <span class='ocrx_word' id='word_1_343' title='bbox 1343 3644 1376 3697; x_wconf 84' lang='lat' dir='ltr'>ab</span> <span class='ocrx_word' id='word_1_344' title='bbox 1393 3641 1459 3696; x_wconf 87' lang='lat' dir='ltr'>initio</span> 
     </span>
     <span class='ocr_line' id='line_1_35' title="bbox 309 3724 1460 3799; baseline 0 -20"><span class='ocrx_word' id='word_1_345' title='bbox 309 3728 480 3781; x_wconf 90' lang='lat' dir='ltr'>membrorum</span> <span class='ocrx_word' id='word_1_346' title='bbox 497 3726 636 3782; x_wconf 82' lang='lat' dir='ltr'>efferretur.</span> <span class='ocrx_word' id='word_1_347' title='bbox 664 3727 708 3780; x_wconf 85' lang='lat' dir='ltr'>stc</span> <span class='ocrx_word' id='word_1_348' title='bbox 724 3727 787 3782; x_wconf 85' lang='lat' dir='ltr'>haee</span> <span class='ocrx_word' id='word_1_349' title='bbox 805 3728 985 3795; x_wconf 87' lang='lat' dir='ltr'>nascebantur,</span> <span class='ocrx_word' id='word_1_350' title='bbox 1003 3745 1068 3799; x_wconf 86' lang='lat' dir='ltr'>quae</span> <span class='ocrx_word' id='word_1_351' title='bbox 1085 3729 1261 3783; x_wconf 86' lang='lat' dir='ltr'>recentissima</span> <span class='ocrx_word' id='word_1_352' title='bbox 1278 3729 1359 3784; x_wconf 89' lang='lat' dir='ltr'>editio</span> <span class='ocrx_word' id='word_1_353' title='bbox 1376 3724 1460 3783; x_wconf 77' lang='lat' dir='ltr'>lrabetr</span> 
     </span>
     <span class='ocr_line' id='line_1_36' title="bbox 310 3811 1461 3880; baseline 0.003 -16"><span class='ocrx_word' id='word_1_354' title='bbox 310 3811 381 3865; x_wconf 87' lang='lat' dir='ltr'>Nam</span> <span class='ocrx_word' id='word_1_355' title='bbox 398 3829 456 3865; x_wconf 85' lang='lat' dir='ltr'>cum</span> <span class='ocrx_word' id='word_1_356' title='bbox 472 3811 551 3865; x_wconf 85' lang='lat' dir='ltr'>iidem</span> <span class='ocrx_word' id='word_1_357' title='bbox 567 3827 666 3864; x_wconf 81' lang='lat' dir='ltr'>omnem</span> <span class='ocrx_word' id='word_1_358' title='bbox 678 3812 826 3879; x_wconf 71' lang='lat' dir='ltr'>peculatam,</span> <span class='ocrx_word' id='word_1_359' title='bbox 838 3811 985 3865; x_wconf 68' lang='lat' dir='ltr'>mirsam</span> <span class='ocrx_word' id='word_1_360' title='bbox 1000 3814 1190 3866; x_wconf 74' lang='lat' dir='ltr'>multitudinem</span> <span class='ocrx_word' id='word_1_361' title='bbox 1212 3813 1372 3880; x_wconf 80' lang='lat' dir='ltr'>ottioebuot,</span> <span class='ocrx_word' id='word_1_362' title='bbox 1388 3814 1461 3867; x_wconf 73' lang='lat' dir='ltr'>tom</span> 
     </span>
     <span class='ocr_line' id='line_1_37' title="bbox 311 3896 1461 3968; baseline -0.002 -16"><span class='ocrx_word' id='word_1_363' title='bbox 311 3905 390 3952; x_wconf 88' lang='lat' dir='ltr'>totam</span> <span class='ocrx_word' id='word_1_364' title='bbox 406 3897 515 3951; x_wconf 77' lang='lat' dir='ltr'>Italiam</span> <span class='ocrx_word' id='word_1_365' title='bbox 535 3896 589 3949; x_wconf 78' lang='lat' dir='ltr'>suis</span> <span class='ocrx_word' id='word_1_366' title='bbox 611 3896 700 3965; x_wconf 72' lang='lat' dir='ltr'>opibus</span> <span class='ocrx_word' id='word_1_367' title='bbox 722 3896 877 3951; x_wconf 76' lang='lat' dir='ltr'>obsidebunt.</span> <span class='ocrx_word' id='word_1_368' title='bbox 920 3898 951 3951; x_wconf 91' lang='lat' dir='ltr'>In</span> <span class='ocrx_word' id='word_1_369' title='bbox 974 3899 1065 3967; x_wconf 88' lang='lat' dir='ltr'>quibus</span> <span class='ocrx_word' id='word_1_370' title='bbox 1089 3900 1200 3967; x_wconf 90' lang='lat' dir='ltr'>primum</span> <span class='ocrx_word' id='word_1_371' title='bbox 1223 3900 1348 3968; x_wconf 86' lang='lat' dir='ltr'>pecunias</span> <span class='ocrx_word' id='word_1_372' title='bbox 1370 3898 1461 3953; x_wconf 88' lang='lat' dir='ltr'>mentio</span> 
     </span>
     <span class='ocr_line' id='line_1_38' title="bbox 310 3981 1459 4055; baseline -0.001 -18"><span class='ocrx_word' id='word_1_373' title='bbox 310 3985 384 4038; x_wconf 85' lang='lat' dir='ltr'>ralde</span> <span class='ocrx_word' id='word_1_374' title='bbox 405 3983 532 4051; x_wconf 84' lang='lat' dir='ltr'>displicet</span> <span class='ocrx_word' id='word_1_375' title='bbox 571 3981 691 4036; x_wconf 74' lang='lat' dir='ltr'>Absolvit</span> <span class='ocrx_word' id='word_1_376' title='bbox 716 3984 783 4036; x_wconf 91' lang='lat' dir='ltr'>enim</span> <span class='ocrx_word' id='word_1_377' title='bbox 809 3983 906 4037; x_wconf 92' lang='lat' dir='ltr'>dudum</span> <span class='ocrx_word' id='word_1_378' title='bbox 929 3983 1130 4052; x_wconf 86' lang='lat' dir='ltr'>disputationem</span> <span class='ocrx_word' id='word_1_379' title='bbox 1153 3985 1185 4038; x_wconf 92' lang='lat' dir='ltr'>de</span> <span class='ocrx_word' id='word_1_380' title='bbox 1206 3986 1315 4054; x_wconf 89' lang='lat' dir='ltr'>pecunia</span> <span class='ocrx_word' id='word_1_381' title='bbox 1338 3984 1459 4055; x_wconf 85' lang='lat' dir='ltr'>cogenda:</span> 
     </span>
     <span class='ocr_line' id='line_1_39' title="bbox 309 4069 1462 4141; baseline 0.003 -19"><span class='ocrx_word' id='word_1_382' title='bbox 309 4074 410 4139; x_wconf 87' lang='lat' dir='ltr'>emptos</span> <span class='ocrx_word' id='word_1_383' title='bbox 427 4070 478 4122; x_wconf 86' lang='lat' dir='ltr'>ism</span> <span class='ocrx_word' id='word_1_384' title='bbox 495 4083 527 4121; x_wconf 89' lang='lat' dir='ltr'>ea</span> <span class='ocrx_word' id='word_1_385' title='bbox 544 4069 636 4121; x_wconf 86' lang='lat' dir='ltr'>statuit</span> <span class='ocrx_word' id='word_1_386' title='bbox 656 4085 714 4122; x_wconf 89' lang='lat' dir='ltr'>esse</span> <span class='ocrx_word' id='word_1_387' title='bbox 732 4085 808 4139; x_wconf 88' lang='lat' dir='ltr'>agros</span> <span class='ocrx_word' id='word_1_388' title='bbox 825 4070 989 4140; x_wconf 83' lang='lat' dir='ltr'>coloniasque</span> <span class='ocrx_word' id='word_1_389' title='bbox 1008 4070 1139 4135; x_wconf 85' lang='lat' dir='ltr'>deductas,</span> <span class='ocrx_word' id='word_1_390' title='bbox 1158 4086 1205 4124; x_wconf 88' lang='lat' dir='ltr'>cur</span> <span class='ocrx_word' id='word_1_391' title='bbox 1224 4071 1309 4125; x_wconf 88' lang='lat' dir='ltr'>subito</span> <span class='ocrx_word' id='word_1_392' title='bbox 1328 4072 1363 4125; x_wconf 87' lang='lat' dir='ltr'>ad</span> <span class='ocrx_word' id='word_1_393' title='bbox 1378 4072 1462 4141; x_wconf 83' lang='lat' dir='ltr'>priora</span> 
     </span>
     <span class='ocr_line' id='line_1_40' title="bbox 309 4151 1462 4224; baseline 0.001 -15"><span class='ocrx_word' id='word_1_394' title='bbox 309 4154 413 4209; x_wconf 78' lang='lat' dir='ltr'>redeat?</span> <span class='ocrx_word' id='word_1_395' title='bbox 447 4151 499 4205; x_wconf 85' lang='lat' dir='ltr'>Sed</span> <span class='ocrx_word' id='word_1_396' title='bbox 516 4151 628 4206; x_wconf 89' lang='lat' dir='ltr'>feramus</span> <span class='ocrx_word' id='word_1_397' title='bbox 646 4153 703 4220; x_wconf 87' lang='lat' dir='ltr'>hoc,</span> <span class='ocrx_word' id='word_1_398' title='bbox 721 4153 791 4222; x_wconf 91' lang='lat' dir='ltr'>quod</span> <span class='ocrx_word' id='word_1_399' title='bbox 808 4154 870 4207; x_wconf 85' lang='lat' dir='ltr'>ferri</span> <span class='ocrx_word' id='word_1_400' title='bbox 887 4170 940 4207; x_wconf 91' lang='lat' dir='ltr'>non</span> <span class='ocrx_word' id='word_1_401' title='bbox 957 4153 1045 4219; x_wconf 87' lang='lat' dir='ltr'>debet,</span> <span class='ocrx_word' id='word_1_402' title='bbox 1069 4171 1145 4224; x_wconf 86' lang='lat' dir='ltr'>quam</span> <span class='ocrx_word' id='word_1_403' title='bbox 1166 4155 1357 4210; x_wconf 75' lang='lat' dir='ltr'>multitudinem</span> <span class='ocrx_word' id='word_1_404' title='bbox 1373 4155 1462 4210; x_wconf 87' lang='lat' dir='ltr'>intelll-</span> 
     </span>
     <span class='ocr_line' id='line_1_41' title="bbox 310 4239 1463 4312; baseline 0 -18"><span class='ocrx_word' id='word_1_405' title='bbox 310 4246 418 4310; x_wconf 77' lang='lat' dir='ltr'>gamus?</span> <span class='ocrx_word' id='word_1_406' title='bbox 451 4239 630 4304; x_wconf 82' lang='lat' dir='ltr'>Hominemne,</span> <span class='ocrx_word' id='word_1_407' title='bbox 651 4256 716 4310; x_wconf 89' lang='lat' dir='ltr'>quae</span> <span class='ocrx_word' id='word_1_408' title='bbox 733 4240 779 4296; x_wconf 87' lang='lat' dir='ltr'>nbi</span> <span class='ocrx_word' id='word_1_409' title='bbox 795 4243 869 4295; x_wconf 87' lang='lat' dir='ltr'>cuius</span> <span class='ocrx_word' id='word_1_410' title='bbox 892 4243 930 4294; x_wconf 93' lang='lat' dir='ltr'>rei</span> <span class='ocrx_word' id='word_1_411' title='bbox 947 4242 982 4295; x_wconf 91' lang='lat' dir='ltr'>sit</span> <span class='ocrx_word' id='word_1_412' title='bbox 1004 4257 1056 4294; x_wconf 87' lang='lat' dir='ltr'>non</span> <span class='ocrx_word' id='word_1_413' title='bbox 1080 4243 1210 4307; x_wconf 85' lang='lat' dir='ltr'>adiicitur,</span> <span class='ocrx_word' id='word_1_414' title='bbox 1233 4242 1291 4297; x_wconf 87' lang='lat' dir='ltr'>sols</span> <span class='ocrx_word' id='word_1_415' title='bbox 1312 4240 1463 4312; x_wconf 82' lang='lat' dir='ltr'>significatio</span> 
     </span>
     <span class='ocr_line' id='line_1_42' title="bbox 308 4326 1463 4397; baseline 0 -16"><span class='ocrx_word' id='word_1_416' title='bbox 308 4331 366 4381; x_wconf 79' lang='lat' dir='ltr'>est?</span> <span class='ocrx_word' id='word_1_417' title='bbox 400 4326 436 4379; x_wconf 79' lang='lat' dir='ltr'>At</span> <span class='ocrx_word' id='word_1_418' title='bbox 456 4327 587 4381; x_wconf 90' lang='lat' dir='ltr'>hominum</span> <span class='ocrx_word' id='word_1_419' title='bbox 609 4327 798 4383; x_wconf 89' lang='lat' dir='ltr'>multitudinem</span> <span class='ocrx_word' id='word_1_420' title='bbox 820 4329 936 4382; x_wconf 88' lang='lat' dir='ltr'>obtinere</span> <span class='ocrx_word' id='word_1_421' title='bbox 954 4328 1016 4397; x_wconf 86' lang='lat' dir='ltr'>quid</span> <span class='ocrx_word' id='word_1_422' title='bbox 1036 4333 1094 4382; x_wconf 74' lang='lat' dir='ltr'>est?</span> <span class='ocrx_word' id='word_1_423' title='bbox 1127 4329 1168 4383; x_wconf 79' lang='lat' dir='ltr'>du</span> <span class='ocrx_word' id='word_1_424' title='bbox 1195 4331 1268 4383; x_wconf 88' lang='lat' dir='ltr'>cuius</span> <span class='ocrx_word' id='word_1_425' title='bbox 1297 4329 1402 4383; x_wconf 86' lang='lat' dir='ltr'>tendam</span> <span class='ocrx_word' id='word_1_426' title='bbox 1419 4328 1463 4392; x_wconf 88' lang='lat' dir='ltr'>rei,</span> 
     </span>
     <span class='ocr_line' id='line_1_43' title="bbox 307 4413 1463 4485; baseline 0.003 -20"><span class='ocrx_word' id='word_1_427' title='bbox 307 4429 373 4482; x_wconf 86' lang='lat' dir='ltr'>qnae</span> <span class='ocrx_word' id='word_1_428' title='bbox 390 4428 439 4466; x_wconf 90' lang='lat' dir='ltr'>uec</span> <span class='ocrx_word' id='word_1_429' title='bbox 454 4413 585 4466; x_wconf 85' lang='lat' dir='ltr'>nominata</span> <span class='ocrx_word' id='word_1_430' title='bbox 601 4418 641 4468; x_wconf 90' lang='lat' dir='ltr'>est</span> <span class='ocrx_word' id='word_1_431' title='bbox 658 4431 706 4469; x_wconf 90' lang='lat' dir='ltr'>nec</span> <span class='ocrx_word' id='word_1_432' title='bbox 724 4415 836 4483; x_wconf 82' lang='lat' dir='ltr'>cogitari</span> <span class='ocrx_word' id='word_1_433' title='bbox 852 4418 956 4483; x_wconf 78' lang='lat' dir='ltr'>potest?</span> <span class='ocrx_word' id='word_1_434' title='bbox 990 4415 1144 4469; x_wconf 83' lang='lat' dir='ltr'>Praestabat</span> <span class='ocrx_word' id='word_1_435' title='bbox 1160 4417 1285 4485; x_wconf 86' lang='lat' dir='ltr'>proiecto,</span> <span class='ocrx_word' id='word_1_436' title='bbox 1303 4415 1330 4468; x_wconf 92' lang='lat' dir='ltr'>id</span> <span class='ocrx_word' id='word_1_437' title='bbox 1348 4414 1417 4484; x_wconf 90' lang='lat' dir='ltr'>quod</span> <span class='ocrx_word' id='word_1_438' title='bbox 1433 4415 1463 4469; x_wconf 80' lang='lat' dir='ltr'>n</span> 
     </span>
     <span class='ocr_line' id='line_1_44' title="bbox 308 4498 1464 4571; baseline 0.001 -18"><span class='ocrx_word' id='word_1_439' title='bbox 308 4498 410 4553; x_wconf 85' lang='lat' dir='ltr'>Klotzio</span> <span class='ocrx_word' id='word_1_440' title='bbox 427 4499 533 4566; x_wconf 89' lang='lat' dir='ltr'>placuit,</span> <span class='ocrx_word' id='word_1_441' title='bbox 559 4502 640 4555; x_wconf 88' lang='lat' dir='ltr'>totum</span> <span class='ocrx_word' id='word_1_442' title='bbox 663 4502 748 4557; x_wconf 91' lang='lat' dir='ltr'>locum</span> <span class='ocrx_word' id='word_1_443' title='bbox 770 4502 894 4555; x_wconf 86' lang='lat' dir='ltr'>intactum</span> <span class='ocrx_word' id='word_1_444' title='bbox 920 4502 1062 4571; x_wconf 87' lang='lat' dir='ltr'>relinquere</span> <span class='ocrx_word' id='word_1_445' title='bbox 1086 4519 1162 4571; x_wconf 89' lang='lat' dir='ltr'>quam</span> <span class='ocrx_word' id='word_1_446' title='bbox 1187 4502 1298 4556; x_wconf 84' lang='lat' dir='ltr'>uiolenta</span> <span class='ocrx_word' id='word_1_447' title='bbox 1316 4503 1464 4557; x_wconf 82' lang='lat' dir='ltr'>coniectura</span> 
     </span>
     <span class='ocr_line' id='line_1_45' title="bbox 309 4584 1466 4658; baseline 0.001 -19"><span class='ocrx_word' id='word_1_448' title='bbox 309 4584 422 4640; x_wconf 84' lang='lat' dir='ltr'>admisse</span> <span class='ocrx_word' id='word_1_449' title='bbox 438 4601 469 4639; x_wconf 85' lang='lat' dir='ltr'>ea</span> <span class='ocrx_word' id='word_1_450' title='bbox 486 4587 594 4653; x_wconf 87' lang='lat' dir='ltr'>efficere,</span> <span class='ocrx_word' id='word_1_451' title='bbox 612 4604 678 4657; x_wconf 85' lang='lat' dir='ltr'>quae</span> <span class='ocrx_word' id='word_1_452' title='bbox 695 4592 781 4642; x_wconf 68' lang='lat' dir='ltr'>umen</span> <span class='ocrx_word' id='word_1_453' title='bbox 798 4587 910 4655; x_wconf 86' lang='lat' dir='ltr'>intelligi</span> <span class='ocrx_word' id='word_1_454' title='bbox 927 4590 1071 4658; x_wconf 85' lang='lat' dir='ltr'>nequirent.</span> <span class='ocrx_word' id='word_1_455' title='bbox 1097 4589 1151 4643; x_wconf 86' lang='lat' dir='ltr'>Nos</span> <span class='ocrx_word' id='word_1_456' title='bbox 1173 4590 1276 4658; x_wconf 89' lang='lat' dir='ltr'>quidem</span> <span class='ocrx_word' id='word_1_457' title='bbox 1294 4589 1328 4642; x_wconf 87' lang='lat' dir='ltr'>ab</span> <span class='ocrx_word' id='word_1_458' title='bbox 1344 4587 1386 4641; x_wconf 86' lang='lat' dir='ltr'>his</span> <span class='ocrx_word' id='word_1_459' title='bbox 1404 4587 1466 4641; x_wconf 82' lang='lat' dir='ltr'>due·</span> 
     </span>
     <span class='ocr_line' id='line_1_46' title="bbox 308 4661 1467 4744; baseline 0.002 -17"><span class='ocrx_word' id='word_1_460' title='bbox 308 4671 365 4737; x_wconf 83' lang='lat' dir='ltr'>bus,</span> <span class='ocrx_word' id='word_1_461' title='bbox 382 4686 445 4743; x_wconf 88' lang='lat' dir='ltr'>quus</span> <span class='ocrx_word' id='word_1_462' title='bbox 464 4672 587 4739; x_wconf 82' lang='lat' dir='ltr'>diximus,</span> <span class='ocrx_word' id='word_1_463' title='bbox 604 4661 682 4727; x_wconf 79' lang='lat' dir='ltr'>rebus</span> <span class='ocrx_word' id='word_1_464' title='bbox 700 4672 899 4744; x_wconf 80' lang='lat' dir='ltr'>proficiscimur,</span> <span class='ocrx_word' id='word_1_465' title='bbox 916 4675 1028 4744; x_wconf 86' lang='lat' dir='ltr'>primum</span> <span class='ocrx_word' id='word_1_466' title='bbox 1045 4675 1234 4729; x_wconf 85' lang='lat' dir='ltr'>multitudinem</span> <span class='ocrx_word' id='word_1_467' title='bbox 1256 4675 1308 4729; x_wconf 87' lang='lat' dir='ltr'>dici</span> <span class='ocrx_word' id='word_1_468' title='bbox 1325 4675 1467 4740; x_wconf 83' lang='lat' dir='ltr'>bominum,</span> 
     </span>
    </p>
   </div>
   <div class='ocr_carea' id='block_1_4' title="bbox 0 0 1780 5492">
    <p class='ocr_par' dir='ltr' id='par_1_6' title="bbox 0 0 1780 5492">
     <span class='ocr_line' id='line_1_47' title="bbox 0 0 1780 5492; baseline 0 0"><span class='ocrx_word' id='word_1_469' title='bbox 0 0 1780 5492; x_wconf 95' lang='lat' dir='ltr'> </span> 
     </span>
    </p>
   </div>
  </div>
 </body>
</html>
