3550 5492
780 548 1005 633 ess-

310 732 381 778 non
402 711 579 796 legitimum
601 712 724 798 aliquod
746 712 1013 798 impedimentum,
1037 736 1100 780 non
1123 721 1275 801 potestas,
1298 740 1361 784 non
1382 721 1479 804 magi·

311 821 434 882 stratus
456 817 541 883 ullus
562 817 634 882 aliis
656 815 787 900 negotiis
810 837 845 881 ac
866 817 987 901 legibus
1009 819 1187 904 impeditus,
1216 843 1278 887 non
1301 844 1371 888 reus
1394 824 1482 890 deni·

403 954 436 996 tl.
451 958 542 1006 neemia
556 955 592 1006 [ac
602 952 690 1005 leaibaa]
705 956 829 1004 impeditum
843 965 899 996 reas.
913 976 937 986 -
944 959 1022 1005 possit,
1035 967 1076 997 aaa
1090 959 1209 1006 accipitres
1224 959 1260 1000 Oa.
1274 961 1387 1010 Pompeias
1399 965 1481 1013 eaesae·

311 1031 359 1076 aar,
373 1035 401 1066 ae
410 1036 458 1067 ern
469 1027 494 1067 Ρ.
503 1027 575 1072 Ralla,
588 1030 648 1066 taceo
660 1027 687 1064 de
699 1027 783 1072 esteris,
796 1025 902 1065 demetr
913 1025 969 1073 ,tert
977 1026 1052 1073 possit.
1075 1026 1219 1066 Praesentem.

311 1144 374 1183 cum
388 1129 467 1185 Rullo
489 1145 541 1183 non
559 1132 663 1198 queant,
680 1129 741 1198 quia
758 1128 835 1198 longe
853 1143 884 1181 eo
904 1128 957 1180 siut
973 1128 1107 1181 interiores
1131 1129 1171 1181 vel
1189 1131 1326 1185 virtutibus
1344 1133 1384 1186 vel
1402 1135 1479 1188 vitiis.

312 1216 350 1269 Aa
368 1216 471 1282 modo§
483 1214 602 1279 23dirit,
620 1214 724 1268 Rullum
742 1230 800 1268 esse
817 1214 1008 1278 stultissimum,
1026 1214 1138 1283 reliquos
1155 1214 1220 1284 legis
1239 1217 1393 1286 ascriptores
1406 1219 1481 1273 Pom-

311 1302 404 1372 peium
422 1301 536 1356 noluisse
558 1301 660 1354 admitti
667 1322 674 1365 ;
697 1302 815 1369 ineptum
832 1301 912 1368 igitur
936 1303 989 1364 cst,
1012 1314 1080 1352 nunc
1103 1300 1206 1353 Rullum
1232 1302 1356 1369 praeferri
1379 1308 1478 1359 calens.

311 1387 415 1442 Deinde
432 1404 464 1441 ae
482 1404 541 1440 cam
551 1386 631 1440 Ralla
649 1385 718 1439 Xois·
729 1387 794 1454 fieri
806 1387 894 1455 possit
910 1385 1034 1454 numquid
1051 1389 1092 1438 est
1109 1385 1180 1439 aliud
1197 1401 1228 1439 ac
1245 1388 1323 1456 paulo
1339 1394 1401 1458 post
1416 1391 1479 1461 legi·

311 1478 358 1528 tur
375 1490 409 1528 aa
426 1474 501 1527 diam
519 1473 570 1527 sibi
586 1474 712 1542 collepam
729 1471 913 1526 ascriberetis?
939 1472 1105 1525 intoleranda
1121 1475 1208 1526 autam
1225 1475 1289 1528 haec
1306 1478 1346 1528 est
1363 1477 1479 1531 eiusdem

313 1561 461 1615 melantiae
478 1561 607 1628 repetitio,
625 1562 654 1612 ut
674 1559 708 1612 ab
725 1558 831 1612 librario
850 1559 936 1611 omnia
952 1558 998 1611 illa
1016 1558 1117 1612 adiecta
1134 1574 1192 1612 esse
1209 1559 1359 1615 iudicemus.
1394 1563 1478 1628 Quare

311 1646 469 1702 Lambinum
486 1647 569 1701 secuti
585 1646 749 1714 negatorem
761 1645 939 1712 supplevimus
952 1662 1004 1697 aaa
1019 1661 1080 1697 rcus
1098 1645 1220 1713 deniqae3
1238 1647 1276 1699 ita
1293 1652 1319 1701 et
1330 1649 1402 1716 prius
1420 1666 1477 1702 sen-

312 1735 413 1812 tentiae
430 1733 572 1788 membrum
588 1735 692 1788 constat
709 1736 736 1786 et
752 1732 862 1784 alterum
880 1734 950 1784 recte
968 1730 1124 1799 adiungitur.
1154 1730 1221 1784 Nam
1239 1733 1306 1786 siin
1323 1734 1380 1803 lege
1398 1751 1477 1789 unum

311 1821 364 1875 hoc
382 1820 566 1890 praecipiatur,
584 1823 613 1872 ut
630 1822 780 1888 praesentes
799 1817 978 1886 profiteantur,
999 1818 1026 1870 iu
1044 1833 1075 1870 eo
1092 1817 1168 1882 inest,
1186 1822 1216 1870 ut
1233 1820 1319 1872 omnia
1335 1820 1394 1884 illa,
1411 1838 1477 1891 quae

313 1910 375 1960 auto
393 1906 464 1960 dicta
480 1909 549 1971 sunt,
566 1921 619 1960 non
636 1906 807 1974 excipiantur.
846 1903 945 1957 Similis
964 1907 1050 1956 autem
1067 1903 1244 1972 interpolatio,
1262 1906 1309 1958 sed
1326 1906 1427 1960 facilim
1445 1908 1477 1960 ad

310 1993 524 2064 intelligendum,
551 1993 612 2061 quia
638 1996 730 2061 postea
752 1991 823 2045 tacta
845 1997 886 2044 est
909 2007 991 2059 neque
1015 1992 1042 2043 in
1064 1990 1144 2042 libros
1162 2006 1210 2044 ms.
1227 1991 1330 2054 invasit,
1352 1993 1477 2060 reperitur

310 2080 393 2151 paulo
410 2083 479 2150 post,
496 2080 543 2133 ubi
558 2080 711 2149 Herragius,
729 2083 759 2131 ut
769 2077 884 2142 ¹videtur,
903 2093 961 2130 cum
977 2092 1066 2130 rursus
1085 2076 1116 2129 de
1134 2075 1226 2130 lacuna
1242 2078 1424 2145 suspicaretur,
1440 2080 1478 2132 ita

310 2167 421 2236 scripsit
438 2183 545 2234 quoram
562 2173 647 2220 certas
665 2166 728 2219 erdo
747 2172 791 2218 est.
826 2163 944 2217 Timebat
960 2164 1028 2216 enim
1045 2162 1184 2232 Pompeias
1201 2180 1233 2216 ae
1250 2164 1275 2215 si
1291 2165 1399 2230 adesset,
1406 2164 1480 2233 ferri

313 2271 369 2307 aaa
382 2260 474 2324 posset
489 2259 537 2306 aar
553 2269 585 2305 ae
603 2255 667 2317 cet,
684 2268 750 2321 quae
768 2252 795 2303 in
817 2251 963 2304 recentibus
984 2249 1140 2303 editionibus
1162 2249 1329 2316 omittuntur,
1351 2251 1398 2304 sed
1419 2267 1478 2305 con-

310 2339 395 2392 temni
411 2339 455 2392 vix
478 2339 561 2407 magis
584 2337 727 2391 debuerunt
754 2353 830 2406 quam
855 2337 909 2390 illa.
954 2335 1081 2389 Nimirum
1105 2336 1147 2388 hic
1169 2351 1271 2404 quoque
1293 2351 1365 2389 error
1387 2341 1429 2390 est
1449 2338 1477 2389 iu

309 2424 433 2479 omnibus
452 2425 548 2478 noscis
564 2425 638 2477 libris
656 2439 703 2477 ms.
733 2425 786 2477 sice
804 2430 912 2491 accepta
930 2423 1062 2485 beasset,
1080 2437 1155 2490 quem
1169 2422 1286 2475 luntinus
1305 2422 1406 2475 demum
1424 2422 1478 2475 edi-

309 2516 354 2566 tor
371 2511 490 2564 correxit.
509 2538 543 2549 -
560 2527 612 2563 aaa
629 2511 812 2563 adolescentia.
853 2509 954 2562 Etenim
979 2524 1036 2562 cum
1059 2509 1201 2577 antiquitus
1224 2508 1302 2560 moris
1320 2507 1426 2572 fnisset,
1444 2524 1495 2571 ne¹

309 2599 371 2668 quis
391 2601 451 2651 ante
468 2596 557 2651 decem
580 2597 709 2666 stipendia
726 2596 829 2665 expleta
848 2595 881 2648 ad
898 2595 1007 2649 honores
1027 2594 1216 2658 admitteretur,
1233 2599 1324 2661 postea
1341 2610 1408 2648 anno
1427 2595 1477 2650 180

308 2684 367 2737 lata
383 2687 425 2737 est
445 2685 488 2737 lex
505 2683 584 2737 Villia
608 2683 722 2748 annalis,
749 2699 799 2750 qua
820 2698 877 2735 cum
903 2682 965 2734 certi
987 2680 1127 2734 honoribus
1151 2681 1212 2734 anni
1234 2681 1476 2748 praescriberentur,

309 2770 486 2824 adolescentia
508 2770 700 2823 excludebatur·
740 2769 841 2839 Sedet
857 2772 931 2821 vetus
955 2766 1111 2820 consuetudo
1130 2771 1156 2819 et
1177 2767 1240 2819 haec
1261 2767 1304 2819 lex
1324 2744 1431 2832 tantuni
1443 2767 1475 2819 ad

309 2856 484 2921 consulatum,
505 2860 661 2925 praeturam,
680 2855 845 2918 aedilitatem,
858 2857 1022 2922 quaesturam
1040 2853 1196 2921 pertinebat:
1215 2852 1355 2904 tribunatui
1373 2851 1475 2920 quidem

309 2958 365 2996 non
382 2942 502 2995 ridentur
520 2943 583 2996 certi
600 2943 661 2995 aurii
679 2941 834 3010 praescripti
852 2941 933 2993 fuisse
950 2955 997 2992 uec
1014 2939 1107 3006 magis,
1124 2942 1154 2991 ut
1174 2936 1288 3002 videtur,
1305 2937 1473 2991 curatoribus.

309 3030 398 3094 Quare
414 3042 466 3082 non
484 3029 613 3097 vituperat
630 3026 815 3101 Cicero,quod
833 3026 1008 3079 adolescentia
1025 3041 1077 3079 nou
1094 3023 1251 3092 excipiatur,
1274 3023 1319 3075 sed
1343 3023 1412 3090 quod
1429 3022 1475 3075 illa

308 3130 363 3169 non
381 3117 491 3183 excepta
508 3114 645 3168 iubeantur
663 3117 761 3167 tantum
779 3115 929 3181 praesentes
947 3111 1070 3181 profiteri
1094 3139 1127 3149 -
1146 3110 1287 3179 lapitimum
1304 3109 1413 3178 aliquod
1427 3109 1474 3160 im-

303 3200 491 3272 pedimentum.
529 3201 635 3254 Adriau.
655 3200 791 3253 Turnebus
810 3200 841 3253 de
863 3200 1001 3264 caecitate,
1018 3199 1156 3262 surditate,
1174 3198 1259 3250 furore
1276 3195 1386 3264 cogitat,
1408 3209 1474 3263 quae

306 3288 354 3341 rix
371 3285 482 3341 arbitror
498 3287 527 3339 in
543 3286 598 3340 ulla
614 3287 671 3356 lege
695 3302 753 3340 esse
771 3290 887 3354 excepta.
923 3288 1006 3355 Magis
1025 3285 1101 3340 credo
1124 3286 1155 3338 de
1178 3284 1333 3353 ignominia,
1356 3297 1414 3335 eum
1430 3282 1475 3349 qui

305 3373 404 3428 iudicio
421 3373 527 3442 publico
546 3374 730 3427 condemnatus
751 3377 829 3438 esset,
846 3389 952 3437 eumve,
975 3374 1019 3441 qui
1036 3371 1192 3441 ignominiae
1209 3386 1288 3423 causa
1310 3370 1343 3422 ab
1360 3369 1474 3422 exercitu

307 3459 431 3512 dimissus
449 3461 526 3525 esset,
538 3459 599 3513 item
613 3459 644 3511 de
657 3460 726 3528 turpi
744 3463 859 3528 quaestu,
878 3457 910 3510 de
923 3472 962 3521 eo,
979 3458 1002 3509 si
1014 3459 1070 3525 quis
1084 3454 1249 3524 depugnandi
1267 3469 1345 3507 causa
1357 3455 1472 3506 auctora-

306 3548 351 3598 tus
370 3544 574 3619 esset‚‚aliisque
591 3543 718 3596 eiusmodi
735 3544 821 3607 rebus,
839 3558 902 3611 quas
915 3545 1007 3611 postea
1023 3544 1050 3594 in
1063 3542 1163 3610 legibus
1174 3539 1372 3608 municipalibus
1388 3539 1474 3605 excipi

296 3630 465 3694 ‚invenimus
482 3646 548 3698 quas
568 3630 601 3682 ab
619 3630 730 3699 antiquis
749 3629 908 3697 reipublicae
921 3628 1051 3679 Romanae
1063 3625 1164 3694 legibus
1181 3625 1263 3691 repeti
1275 3621 1408 3690 probabile
1425 3626 1472 3675 est.

304 3714 447 3782 vituperat
473 3718 558 3766 autem
585 3715 662 3767 etiam
689 3714 736 3767 hoc
753 3715 781 3766 iu
804 3728 896 3781 gauere
915 3712 1016 3776 Cicero,
1039 3710 1107 3780 quod
1125 3711 1152 3761 in
1169 3709 1314 3776 superiore,
1341 3722 1398 3759 cum
1415 3707 1472 3775 lege

304 3799 419 3853 Servilia
436 3800 487 3853 uisi
511 3803 673 3868 praesentem
695 3797 810 3867 profiteri
833 3814 883 3852 nou
906 3797 1009 3860 liceret,
1033 3800 1117 3847 tamen
1140 3807 1193 3845 nou
1214 3792 1299 3858 excipi
1321 3791 1472 3843 nominatim

304 3888 425 3958 legitima
440 3889 505 3941 haec
523 3888 720 3956 impedimenta:
746 3902 811 3957 quae
829 3885 962 3940 observari
980 3881 1081 3950 quidem
1099 3879 1264 3932 nihilomiuus
1285 3876 1363 3928 etiam
1386 3877 1414 3927 in
1432 3877 1472 3929 his

306 3974 401 4028 Xuiris
418 3974 545 4028 faciendis
563 3975 707 4042 oportebat.
725 4001 759 4011 -
776 3990 828 4025 aaa
841 3976 968 4041 poteslas,
986 3983 1038 4018 aon
1055 3963 1224 4030 mapistralua
1241 3960 1317 4013 allas.
1353 3961 1472 4014 Potestas

303 4063 355 4124 ost,
374 4060 397 4112 si
417 4060 474 4127 quis
492 4075 517 4111 v.
534 4074 556 4112 c.
576 4059 651 4111 aliam
670 4059 782 4127 aliquam
800 4057 972 4117 curationem,
990 4051 1078 4120 quales
1097 4047 1192 4101 multae
1210 4057 1271 4101 sunt
1287 4047 1314 4098 in
1331 4045 1471 4115 republica,

303 4145 400 4208 habet,
426 4144 471 4213 qui
488 4161 539 4199 non
556 4145 656 4213 legibus
684 4145 728 4197 ille
746 4144 847 4213 quidem
870 4141 928 4193 ullis
947 4141 1049 4190 vetatur
1065 4135 1133 4189 Xrir
1149 4132 1219 4198 fieri,
1243 4133 1290 4187 sed
1306 4133 1401 4186 rectius
1412 4147 1471 4200 pre-

303 4231 418 4294 hibetur,
436 4231 497 4299 quia
516 4231 575 4284 aliis
593 4231 703 4299 negotiis
721 4230 867 4284 distinetur.
907 4225 1019 4293 Legibus
1038 4225 1122 4275 autem
1141 4237 1157 4272 a
1173 4221 1285 4274 Xviratu
1302 4220 1470 4289 prohibentur

302 4317 487 4386 magistratum
504 4333 596 4385 parum
614 4318 682 4369 enim
699 4319 767 4370 recte
785 4314 849 4367 illud
867 4308 937 4379 quod
954 4312 994 4361 est
1011 4323 1043 4358 ac
1062 4304 1167 4373 baidus,
1184 4303 1297 4373 quadiu
1314 4320 1365 4358 uuo
1384 4306 1470 4357 minus

302 4402 373 4455 bono
391 4400 479 4454 codice
496 4401 575 4466 deest,
594 4402 726 4454 omittitur,
761 4399 815 4451 Iam
838 4397 937 4447 veteres
961 4410 1021 4446 num
1038 4393 1134 4445 tuerint
1151 4391 1234 4460 leges,
1257 4406 1289 4443 no
1312 4392 1369 4458 quis
1387 4392 1471 4460 magi·

305 4491 418 4542 stratum
431 4504 500 4542 cum
523 4490 654 4542 curatione
678 4487 779 4554 agraria
802 4484 980 4549 coniungeret,
1007 4483 1047 4532 est
1063 4480 1195 4542 incertum,
1221 4492 1285 4545 quae
1302 4478 1351 4529 hoc
1369 4480 1469 4530 tantum

302 4572 426 4635 ridentur
443 4577 570 4639 sanxisse,
588 4573 695 4644 nequis
713 4572 803 4625 eodem
821 4587 887 4624 auno
906 4569 970 4622 duos
987 4567 1153 4636 magistratus
1171 4570 1270 4632 gereret
1279 4565 1344 4629 (Liv.
1357 4565 1469 4630 v11,42;

305 4657 440 4726 xxxix,
449 4658 507 4726 39),
525 4659 747 4726 Gracchorumque
763 4651 847 4711 aetate
859 4655 1003 4725 complures
1016 4653 1092 4708 simul
1104 4655 1131 4707 et
1140 4651 1308 4720 magistratus
1320 4654 1348 4706 et
1358 4651 1465 4706 Illvires
