3550 5492
746 604 982 670 ..103„.

289 777 389 836 aratro
404 768 570 856 perstringi
592 789 653 832 non
675 766 792 854 possit?
815 772 870 833 aut
884 768 968 852 quod
985 774 1031 832 est
1044 772 1108 833 tam
1128 786 1274 851 asperum
1296 771 1449 847 saxetum,

289 878 323 941 in
346 897 405 960 quo
428 875 629 959 agricolarum
651 874 753 938 cultus
775 894 837 937 non
866 870 1020 937 elaboret?
1062 870 1192 951 Idcirco,
1215 867 1342 952 inquit,
1367 888 1449 952 agros

291 980 449 1043 nominare
470 999 531 1042 non
552 998 686 1061 possum,
709 976 783 1061 quia
798 982 924 1058 tangam
946 976 1068 1040 nullum
1091 975 1129 1038 ab
1144 972 1254 1038 invite.
1282 972 1356 1036 Hoe
1378 992 1449 1056 quo-

290 1104 350 1166 que
371 1083 468 1146 multo
490 1088 535 1145 est
555 1080 777 1166 quaestuosius,
801 1095 895 1164 quam
917 1079 943 1143 si
959 1078 997 1142 ab
1010 1077 1108 1142 invito
1130 1081 1284 1165 sumeret:
1309 1075 1449 1141 invenie-

290 1193 342 1251 tur
364 1185 447 1250 enim
470 1185 546 1249 ratio
561 1188 709 1268 quaestus
732 1184 769 1247 de
797 1191 903 1249 nostra
924 1183 1055 1269 pecunia
1076 1188 1108 1247 et
1128 1187 1196 1246 tum
1220 1181 1361 1266 denique
1383 1202 1449 1266 ager

291 1297 419 1374 emetur,
442 1312 512 1355 cum
534 1291 617 1354 idem
640 1288 780 1374 expediet
802 1288 931 1374 emptori
953 1291 984 1350 et
1006 1285 1167 1351 venditori.
1403 1371 1407 1378 Ι

177 1396 238 1461 ivl,
248 1395 282 1448 68
378 1392 439 1456 Sed
460 1392 562 1457 videte
577 1391 642 1456 vim
663 1390 740 1472 legis
762 1390 908 1472 agrariae.
938 1390 984 1453 Ne
1007 1386 1030 1453 ii
1046 1389 1181 1473 quidem,
1203 1388 1259 1472 qui
1280 1409 1373 1471 agros
1395 1411 1448 1474 pu·

294 1497 387 1562 blieos
402 1496 568 1580 possident,
584 1493 730 1557 decedent
744 1493 782 1556 de
796 1491 1073 1578 possession‘e„nisi
1088 1495 1178 1555 erunt
1193 1489 1320 1554 deducti
1336 1490 1448 1576 optima

294 1597 469 1663 condicione
492 1600 522 1659 et
543 1594 675 1681 pecunia
695 1594 840 1658 maxima.
875 1594 1031 1659 Conversa
1052 1593 1141 1658 ratio.
1170 1593 1282 1675 Antea,
1299 1614 1375 1657 cum
1388 1601 1448 1660 erat

293 1701 450 1764 atribune
472 1697 569 1784 plebis
592 1697 707 1761 mentio
729 1696 805 1780 legis
828 1695 966 1780 agrariae
986 1697 1080 1776 iacta,
1104 1695 1264 1775 continuo,
1283 1694 1341 1777 qui
1363 1716 1447 1778 agros

290 1801 429 1888 publicos
463 1806 517 1864 aut
549 1798 753 1884 possessiones
782 1797 949 1863 invidiosas
989 1799 1149 1879 tenebant,
1180 1797 1446 1881 pertimescebant

290 1905 372 1969 Haec
395 1905 444 1969 lex
467 1926 517 1969 eos
539 1902 680 1968 homines
702 1900 832 1965 fortunis
855 1901 1030 1987 locupletat,
1052 1901 1172 1965 invidia
1192 1901 1315 1965 liberat.
1351 1903 1447 1979 Quam

291 2007 405 2070 multos
428 2006 521 2087 enim,
544 2002 689 2083 QuiriteS,
712 2001 896 2069 existimatis
913 2026 989 2086 esse,
1012 2006 1065 2088 qui
1081 2003 1233 2070 invidiam
1248 2002 1446 2069 Sullanorum

293 2129 434 2192 agrorum
457 2109 535 2171 ferre
557 2129 619 2172 non
640 2106 779 2192 possint?
801 2107 855 2190 qui
877 2106 1008 2171 vendere
1030 2107 1172 2191 cupiant,
1196 2111 1367 2191 emptorem
1389 2129 1447 2172 non

381 2305 432 2349 Hoc,
446 2304 549 2351 Quirites,
564 2305 634 2344 irruite.
648 2323 672 2333 -
688 2308 790 2345 sumeret:
805 2305 895 2344 inicitur
912 2306 973 2344 enirn.
994 2323 1019 2334 -
1037 2304 1063 2342 de
1081 2307 1151 2344 vestro
1166 2305 1265 2352 pecunia.
1286 2325 1311 2333 -
1332 2304 1365 2344 68.
1389 2305 1449 2345 Neci

294 2377 383 2424 quidem.
398 2393 423 2403 -
436 2378 474 2414 out
487 2375 528 2422 qur*-
533 2375 683 2424 pessessiones.
696 2393 721 2404 -
734 2374 902 2414 extimescebam.

297 2522 428 2574 edebatur.
464 2520 497 2572 itt
513 2521 637 2572 iuteresse
655 2518 751 2587 aliquid
768 2523 830 2588 puto
853 2520 920 2573 inter
937 2519 1003 2571 exile
1021 2521 1048 2570 et
1064 2534 1185 2570 macrum.
1225 2519 1291 2571 Huic
1311 2521 1448 2588 opponitur

294 2609 387 2677 pingue
405 2607 497 2671 solum,
514 2606 552 2658 illi
569 2607 681 2674 spissum
700 2622 730 2659 ac
747 2623 825 2675 grave
844 2606 952 2670 (Colum.
970 2605 1007 2669 ll,
1026 2605 1054 2668 2,
1073 2605 1107 2668 2).
1142 2605 1252 2674 ldeoque
1276 2606 1342 2660 dicit
1359 2615 1448 2660 arcae

291 2694 467 2764 perstringere
485 2693 502 2745 i.
515 2709 537 2745 e.
555 2693 645 2746 leviter
662 2696 747 2768 aratro
765 2694 839 2762 quasi
856 2693 954 2756 radere,
971 2695 1001 2745 ut
1018 2691 1105 2745 sulcus
1119 2690 1169 2745 noir
1182 2693 1233 2744 alte
1251 2692 1394 2747 descendat
1406 2708 1448 2754 nee

293 2797 380 2834 vomer
405 2780 569 2848 deprimatur.
617 2779 743 2832 Socerum
765 2783 851 2832 autem
876 2795 925 2831 uno
954 2779 1004 2831 hoc
1035 2779 1092 2831 loeo
1116 2781 1266 2846 reperitur,¹
1287 2796 1347 2833 nam
1385 2780 1449 2850 apud

294 2865 511 2929 Colum.ll,10,9
529 2864 634 2917 dubium
653 2868 700 2917 est
719 2891 752 2900 -
770 2863 828 2916 Hoc
846 2880 944 2932 quoque
962 2865 978 2916 i.
997 2879 1018 2916 e.
1037 2879 1088 2916 non
1106 2864 1182 2917 medo
1200 2864 1248 2917 hoc
1266 2859 1448 2933 quaestuosum

292 2953 354 3016 erit,
377 2952 446 3020 quod
468 2967 519 3004 nou
542 2955 610 3003 emet
636 2951 686 3004 nisi
709 2951 858 3015 avolente,
885 2950 931 3004 sed
955 2952 1032 3003 etiam
1054 2950 1131 3016 illud,
1161 2951 1229 3020 quod
1252 2944 1383 3006 naturam
1397 2954 1448 3022 egri

292 3038 392 3091 emendi
415 3054 467 3091 non
489 3036 578 3089 definit
598 3038 787 3105 pessimumque
810 3038 923 3088 maxima
945 3037 1054 3104 pecunia
1077 3038 1243 3105 comparabit.
1266 3038 1448 3113 'Paulonpest

293 3123 357 3183 redii
375 3123 408 3174 ad
425 3122 544 3175 Lambini
566 3122 768 3175 emendationem
791 3123 949 3185 invenietur,
969 3123 1039 3190 'quod
1066 3138 1097 3175 ea
1119 3124 1225 3192 propius
1249 3124 1282 3176 ad
1304 3110 1407 3179 litteras
1423 3126 1447 3178 in

295 3209 352 3261 eod.
370 3211 486 3260 servatas
504 3206 638 3260 videbatur
650 3207 771 3260 aceedere
789 3224 864 3274 quam
882 3208 952 3274 quod
963 3209 1074 3261 editores
1093 3225 1159 3263 nune
1172 3209 1320 3277 praeierunt
1331 3211 1446 3264 inibitur.

293 3294 360 3346 Nam
377 3307 424 3360 per
441 3308 469 3344 se
486 3294 620 3359 utrumque
638 3293 798 3361 probandum
816 3297 863 3346 est.
899 3295 1003 3348 Rectius
1026 3299 1110 3348 autem
1129 3296 1183 3348 sine
1201 3296 1278 3349 dubio
1297 3280 1446 3366 scripsimus

294 3378 326 3430 de
342 3383 431 3430 nostro
447 3378 567 3446 pecunia,
585 3395 636 3430 non
653 3379 684 3432 de
701 3387 787 3432 oestro
792 3396 830 3448 p,
848 3384 877 3433 ut
895 3381 1014 3433 damnum
1027 3398 1113 3436 seeum
1123 3382 1300 3436 eommunicet.
1319 3381 1358 3436 Of.
1372 3399 1447 3453 supra

239 3471 242 3477 '
294 3463 326 3516 ad
344 3463 411 3530 §tt
938 3474 941 3477 ’
1108 3462 1112 3469 ’
1135 3465 1138 3471 '

379 3566 420 3620 68.
440 3567 481 3622 Ne
499 3569 521 3621 o·
537 3570 647 3638 quidem,
665 3571 712 3637 qui
728 3587 805 3639 agros
821 3571 938 3640 publicos
954 3572 1096 3641 possideret.
1131 3571 1216 3624 Antea
1237 3571 1338 3639 dixerat
1360 3573 1392 3626 de
1409 3574 1447 3638 iis,

294 3654 338 3721 qui
356 3670 432 3723 agros
450 3655 550 3708 steriles
567 3655 658 3719 Xviris
680 3656 792 3708 maxima
808 3654 923 3724 {pecunia
944 3655 1072 3709 vendituri
1095 3660 1167 3721 sunt;
1190 3672 1256 3710 nunc
1273 3657 1310 3709 'dc
1328 3658 1360 3711 iis
1379 3658 1446 3721 dicit,

294 3741 338 3807 qui
354 3742 415 3793 item
433 3742 541 3810 pecunia
557 3743 670 3794 maxima
687 3740 814 3794 vendituri
832 3743 892 3806 sint,
910 3742 966 3811 agri
985 3740 1082 3810 publici
1100 3732 1300 3810 possessoribus
1335 3743 1389 3797 Sed
1406 3744 1446 3812 qui

295 3830 355 3880 sunt
372 3827 416 3880 hi?
454 3827 527 3880 Certe
550 3843 602 3881 non
619 3829 651 3892 ii,
676 3829 720 3896 qui
741 3829 881 3896 antiquitus
900 3844 975 3898 agros
996 3829 1072 3882 modo
1094 3830 1197 3898 populis
1218 3830 1340 3883 subiectis
1365 3830 1446 3883 adsm-

293 3916 352 3979 ptos
370 3914 550 3981 possederant,
573 3929 630 3967 eum
652 3916 744 3982 quibus
768 3912 876 3967 Gracchi
897 3918 1057 3984 pugnarunt:
1079 3898 1145 3968 ‘narn
1162 3917 1253 3968 horum
1271 3916 1447 3983 possessiones

245 4009 248 4013 ’
294 3998 390 4052 dudum
409 4000 441 4052 ab
458 4001 500 4064 iis,
518 4002 561 4068 qui
584 4005 645 4069 post
662 4001 791 4056 Gracchos
813 4002 963 4064 extiterunt,
986 4001 1095 4055 tribunis
1118 4001 1282 4054 confirmatae
1305 4005 1380 4054 erant
1402 4017 1448 4054 nee

293 4100 382 4138 rursus
401 4086 453 4138 ullo
475 4091 551 4154 pacto
574 4088 671 4139 mereri
688 4090 815 4158 poteraut.
850 4086 975 4138 Dicuntur
992 4088 1071 4156 igitur
1087 4087 1114 4152 ii,
1135 4088 1179 4156 qui
1198 4087 1311 4140 Sullanis
1329 4088 1448 4156 tempori·

187 4165 190 4172 '
294 4171 342 4224 bus
359 4187 435 4240 agros
458 4173 575 4240 publicos
597 4174 778 4240 possederunt,
796 4174 837 4226 rel
854 4188 911 4237 eoS,
935 4174 978 4241 qui
995 4173 1121 4241 publicati
1144 4172 1251 4226 necdum
1273 4174 1350 4227 divisi
1368 4178 1447 4237 erant,

295 4257 338 4324 qui
355 4259 477 4326 apannis
494 4259 648 4313 tenebantur
664 4260 705 4326 (ef.
715 4263 780 4313 orat.
793 4259 839 4323 111,
857 4257 883 4323 3,
904 4259 955 4324 1⁴2),
972 4259 1014 4312 rel
1031 4274 1084 4324 eos,
1102 4261 1145 4329 qui
1162 4261 1189 4312 in
1207 4260 1314 4313 coloniis
1334 4259 1447 4313 Sullanis

294 4346 381 4409 erant,
403 4358 467 4412 quos
490 4344 575 4399 coloni
596 4349 686 4400 eontra
707 4363 736 4400 ae
753 4347 810 4415 lege
832 4347 1020 4414 praescriptum
1037 4351 1101 4412 erat,
1122 4347 1297 4400 abalienarant
1313 4347 1360 4410 (cf.
1380 4347 1449 4401 infra

295 4428 380 4495 578).
405 4457 440 4467 —
468 4428 597 4485 Conversa
611 4433 701 4497 ratio,
723 4434 893 4509 incontra
915 4449 982 4486 nunc
1005 4436 1045 4486 est
1066 4448 1096 4487 ae
1120 4433 1220 4486 solebat
1243 4420 1307 4486 esse.
1345 4432 1397 4487 Cic.
1417 4433 1449 4486 ad

294 4516 348 4569 Ate
357 4514 425 4582 VIII,
436 4515 549 4581 13,2Et
563 4519 631 4582 eide,
649 4536 727 4594 qqom
744 4536 867 4573 eonecmc
883 4536 926 4572 res
944 4527 994 4585 esa·
1013 4520 1076 4573 Sull.
1089 4520 1181 4587 fragm.
1196 4519 1238 4584 51,
1253 4519 1284 4572 13
1297 4518 1348 4583 (ed.
1358 4519 1449 4582 Kritz.)

293 4600 333 4655 Er
348 4616 442 4671 queam
460 4605 620 4659 conducere
638 4622 715 4673 qaum
732 4621 855 4658 cesoma
872 4622 959 4658 rerum
975 4614 1072 4659 notura
1089 4605 1131 4657 sit.
1149 4634 1182 4643 -
1192 4605 1365 4673 possessiones
1383 4605 1450 4657 inot-

296 4688 384 4745 ὢν·
428 4686 554 4745 ¹licuntur
569 4686 597 4757 ii,
615 4692 659 4760 qui
675 4691 743 4745 bena
759 4693 961 4761 proscriptorum
983 4710 999 4746 a
1017 4691 1089 4747 sula
1105 4694 1232 4756 emerant,
1254 4691 1373 4760 quicum
1391 4690 1450 4744 Sul-
