3550 5492
716 587 930 652 ...41..

238 752 417 836 frequentia
431 750 564 814 inveniri
579 771 668 814 nemo
683 749 793 833 potuit,
817 750 871 832 qui
886 748 1056 829 intelligere
1072 753 1172 832 posset
1186 750 1262 834 quid
1278 750 1399 815 diceret.

240 855 309 919 Hoc
332 853 386 917 ille
406 857 513 917 utrum
534 850 719 915 insidiarum
741 870 834 915 causa
855 851 960 916 feccrit
982 873 1022 914 an
1045 851 1101 916 hoc
1124 873 1234 935 genero
1257 853 1401 937 eloquen-

241 957 305 1021 tiae
328 956 497 1021 delectetur
518 953 631 1019 neseio.
670 953 799 1034 Tamen,
822 953 848 1017 si
870 952 924 1036 qui
946 952 1098 1017 acutiores
1118 953 1156 1016 in
1178 952 1318 1018 contione
1339 960 1401 1020 ste-

240 1062 354 1139 terant,
377 1056 503 1140 delego
526 1055 647 1139 agraria
668 1055 769 1119 nescio
791 1055 866 1138 quid
889 1055 1021 1121 voluisse
1043 1076 1115 1119 eum
1141 1055 1241 1120 dicere
1264 1058 1405 1143 suspica-y

242 1161 364 1226 bantur.
420 1158 617 1243 Aliquando,
651 1165 755 1223 umen
792 1181 843 1223 me
881 1161 1060 1243 designato,
1094 1161 1149 1243 lox,
1176 1161 1210 1224 in
1242 1163 1401 1247 publicum

241 1261 431 1348 proponitur.
477 1259 672 1324 Concurrunt
695 1260 783 1325 iussu
804 1283 873 1328 meo
895 1263 997 1348 plures
1025 1285 1088 1329 uno
1109 1269 1246 1349 temporo
1266 1266 1399 1333 librarii:

241 1365 427 1450 descriptam
448 1363 548 1446 legem
569 1363 679 1427 adme
702 1365 862 1441 afferunt·
888 1365 981 1429 Omni
1002 1364 1059 1431 hoc
1080 1366 1166 1430 vobis
1188 1367 1306 1433 rationo
1328 1391 1399 1435 oon·
1411 1375 1496 1441 14‚V1

239 1469 365 1534 firmare
392 1488 533 1552 possum,
568 1467 716 1550 Quirites,
752 1466 809 1533 hcc
838 1469 942 1534 animo
970 1490 1019 1533 me
1046 1469 1086 1534 ad
1113 1469 1274 1552 legendam
1301 1472 1400 1557 legem

240 1570 544 1655 cognoscendamque
558 1570 689 1651 venisse,
712 1577 756 1652 ut,
780 1572 806 1634 si
829 1593 898 1637 eam
920 1573 1006 1638 vobis
1028 1575 1286 1640 accommodatam
1309 1583 1401 1661 atque

237 1675 438 1739 utilemessc
460 1674 675 1757 intelligerem,
698 1679 804 1738 auctor
826 1676 892 1741 eius
918 1682 1010 1760 atque
1032 1676 1154 1740 adiutor
1176 1699 1286 1742 essem.
1330 1681 1399 1746 Non

240 1776 326 1843 euim
341 1781 455 1844 natura
469 1798 568 1862 neque
590 1776 692 1842 'studio
715 1798 813 1862 neque
836 1778 905 1843 odio
919 1777 1043 1864 penitus
1059 1778 1153 1842 insito
1168 1778 1284 1844 bellum
1298 1783 1400 1847 neseio

329 1953 414 1992 annue
426 1952 464 1999 qai
476 1953 590 1992 caadursa
600 1970 626 1981 -
639 1952 758 1999 aliquando
771 1953 856 1992 taam
869 1958 909 1991 me.
922 1971 947 1980 -
960 1953 1094 2001 asscriptum
1108 1954 1138 1992 aa
1150 1963 1184 1991 me
1193 1954 1265 2002 tepent.
1280 1978 1304 1985 -
1318 1957 1349 1997 14.
1362 1957 1401 1996 boe

240 2024 326 2066 raum
337 2022 401 2064 pacm
414 2042 440 2053 -
461 2033 528 2071 aeque
541 2023 632 2081 alsacio
644 2031 717 2070 aeque.

240 2179 317 2247 quasi
331 2177 392 2232 leve
408 2178 530 2247 quiddam
547 2180 596 2233 hoc
614 2180 691 2233 fuerit
708 2196 755 2234 nec
774 2181 856 2248 prima
869 2181 951 2234 virtus
963 2182 1088 2234 orationis
1107 2181 1149 2245 sit,
1167 2184 1196 2234 ut
1214 2183 1274 2250 quid
1293 2182 1401 2248 dicatur,

238 2264 383 2333 intelligas,
400 2293 434 2302 -
453 2272 545 2318 tauron.
582 2266 650 2318 citat
668 2266 736 2319 hunc
752 2267 838 2319 locum
857 2267 943 2331 Quint.
963 2267 1029 2330 Vlll,
1047 2269 1073 2330 4,
1091 2267 1125 2320 28
1143 2267 1230 2320 Pacci
1247 2276 1339 2333 taruco,
1357 2271 1402 2336 qui

234 2350 355 2421 proximi
371 2349 517 2413 actiterunt,
535 2351 620 2403 neseio
639 2351 703 2417 quid
719 2351 792 2417 illuct
810 2352 841 2404 de
860 2352 914 2420 lege
926 2353 1037 2419 aproria
1054 2353 1164 2405 coluisse
1182 2353 1268 2407 dicere
1286 2356 1401 2424 aruspicu-

239 2437 343 2501 bantur,
361 2437 408 2489 sed
424 2438 579 2498 memoriter,
595 2439 625 2489 ut
642 2438 697 2490 eius
715 2439 793 2491 rerba
811 2453 868 2490 cum
887 2438 1012 2492 Tullianis
1036 2454 1175 2508 congruere
1190 2457 1250 2493 nou
1273 2457 1338 2509 opus
1357 2444 1400 2496 sit.

240 2525 296 2577 Nec
314 2523 431 2593 proiecto
449 2523 527 2592 paulo
545 2524 640 2576 rectius
660 2539 688 2576 ac
712 2525 816 2592 gravius
839 2527 894 2588 est,
917 2525 986 2591 quod
1012 2525 1115 2578 codices
1133 2516 1255 2579 exhibent
1278 2528 1324 2592 pai
1340 2545 1401 2580 aee-

239 2611 319 2663 tiores
336 2637 371 2648 -
389 2616 521 2672 steterant,
539 2625 614 2677 quam
633 2610 701 2676 quod
721 2609 893 2672 Quintilianus
916 2611 962 2677 qui
974 2612 1093 2679 prostitui
1110 2612 1254 2679 astiterant.
1294 2612 1349 2665 Hoc
1367 2613 1400 2665 ad

239 2697 374 2758 fortuitam
397 2696 467 2749 vocis
493 2695 709 2765 magnitudinem,
736 2696 800 2749 illud
823 2697 856 2748 ad
881 2696 966 2765 ipsam
992 2697 1117 2749 orationis
1132 2699 1263 2756 ‚uirtutem
1282 2700 1400 2766 pertinet.

239 2783 316 2848 Quod
333 2786 419 2840 autem
437 2783 474 2834 ait
493 2789 585 2845 tamen,
604 2784 709 2849 corrigit
726 2799 754 2835 se
772 2783 846 2851 quasi
857 2783 914 2852 ipse
933 2798 963 2834 ac
975 2786 1087 2846 revocat,
1104 2783 1172 2851 quod
1186 2785 1312 2835 nominem
1330 2784 1399 2851 quic-

238 2884 317 2939 quam
333 2866 494 2920 intellexisse
517 2867 626 2920 dixerat.
649 2895 682 2902 -
705 2866 846 2933 aliquando
871 2873 963 2918 terrica.
1004 2866 1089 2919 Teneo
1115 2868 1165 2918 hoc
1192 2866 1260 2934 quod
1282 2869 1400 2920 meliores

239 2956 299 3010 eod.
316 2956 422 3009 habeut.
458 2940 525 3008 Nam
541 2958 737 3023 expectatama
754 2969 782 3006 se
800 2969 858 3005 esse
876 2953 959 3020 legem
972 2952 1046 3016 dixit,
1064 2968 1111 3004 neo
1129 2951 1241 3005 eiusdem
1259 2953 1400 3021 particulae

239 3044 309 3095 intra
326 3042 404 3094 breve
422 3043 534 3109 spatium
552 3042 670 3109 repetitio
689 3041 816 3108 displicet.
844 3039 1003 3107 Quamquam
1021 3039 1098 3092 etiam
1111 3040 1180 3108 quod
1193 3040 1331 3093 deteriores
1343 3040 1399 3094 cod.

239 3128 338 3181 babent
355 3127 497 3195 aliquando
517 3128 620 3181 tandem
638 3127 681 3191 (ct.
700 3144 725 3197 p.
745 3121 846 3192 QuInct.
865 3127 912 3192 30,
931 3127 974 3191 94)
993 3127 1054 3179 lerri
1076 3129 1177 3194 posset,
1195 3127 1245 3180 nisi
1269 3127 1401 3180 accederet

238 3230 278 3268 me
296 3213 441 3281 designate.
477 3212 550 3276 Quod
568 3215 597 3265 ut
615 3216 685 3265 recte
701 3211 841 3280 intelligas
859 3213 986 3279 coniunge
1005 3227 1063 3264 cum
1084 3211 1211 3279 particula
1229 3219 1325 3277 taenea,
1342 3213 1360 3264 i.
1378 3228 1400 3264 e.

239 3298 395 3368 aliquando,
419 3297 464 3352 sed
482 3302 643 3351 tamencum
666 3299 805 3351 etiamtunc
826 3313 910 3351 essem
928 3298 1087 3368 desIgnatus,
1106 3313 1163 3350 eum
1181 3297 1293 3352 nondum
1310 3290 1401 3353 consu·

239 3386 323 3447 latum
340 3386 455 3438 inissem
482 3385 549 3438 Nam
568 3386 673 3438 comitia
692 3385 838 3439 consularia
855 3387 935 3438 multo
955 3389 1014 3438 ante
1031 3386 1121 3439 habita
1138 3387 1260 3452 esse§ll
1281 3386 1400 3439 ostendit.

241 3471 325 3525 Aliter
342 3472 423 3540 igitur
445 3471 494 3524 hoc
513 3478 598 3523 taenea
620 3470 815 3539 intelligendum
833 3486 863 3523 ac
880 3487 906 3538 p.
925 3470 1012 3535 Quint.
1032 3470 1078 3534 13,
1096 3470 1130 3523 43
1147 3488 1219 3534 sero,
1241 3488 1330 3524 aarum
1353 3472 1402 3523 oli·

238 3558 343 3626 quaudo
363 3565 456 3612 manea.
484 3558 604 3611 Notabile
623 3561 708 3611 autem
726 3561 774 3623 est,
792 3558 860 3627 quod
877 3558 955 3626 paulo
973 3560 1034 3626 post
1045 3559 1139 3626 legitur
1156 3559 1184 3609 ia
1197 3557 1330 3626 publicem
1338 3573 1402 3624 pro·

234 3644 358 3713 pomam
384 3660 444 3696 nam
467 3645 532 3696 solet
556 3643 645 3698 Cicero
668 3645 751 3698 dicere
770 3646 798 3697 in
815 3645 920 3714 publico
934 3662 1095 3716 proponere,
1123 3645 1192 3696 velut
1210 3645 1242 3695 ad
1260 3643 1314 3696 Att.
1333 3643 1401 3706 VIII,

238 3731 264 3795 e,
282 3730 308 3794 2,
326 3730 373 3783 sed
390 3730 512 3784 similium
524 3732 660 3784 verborum
672 3734 739 3784 ratio
757 3733 826 3796 facit,
844 3736 874 3785 ut
887 3733 918 3805 de
937 3733 1084 3785 accusativo
1097 3747 1149 3783 nou
1162 3730 1315 3793 dubitemus,
1327 3745 1400 3797 prae·

238 3816 329 3870 sertim
347 3830 406 3869 cum
424 3815 456 3868 de
473 3815 602 3869 industria
619 3816 735 3869 rideatur
753 3818 895 3885 quaesisse,
921 3820 950 3868 ut
968 3816 1039 3870 foras
1057 3814 1205 3883 pervenisse
1223 3812 1305 3882 legem
1323 3814 1401 3880 signi·

236 3903 334 3955 ficeret

257 4009 262 4018 ·
326 3989 368 4041 14.
387 3987 464 4041 Omni
480 3988 889 4057 doccobisrationecorptrmare
902 4005 1015 4059 persecu.
1042 3987 1177 4040 Diversum
1190 3987 1250 4039 hinc
1267 3990 1314 4051 est,
1333 3985 1402 4054 quod

239 4076 273 4129 ad
290 4075 436 4142 AttqulL
454 4075 497 4140 23,
515 4075 531 4127 3
548 4076 626 4128 habet
645 4078 715 4128 omni
732 4077 779 4129 tibi
796 4077 987 4130 asseveratione
1005 4073 1121 4142 afficere,
1145 4074 1215 4141 quod
1230 4073 1293 4125 anilii
1310 4073 1401 4125 crem

235 4163 327 4225 velim,
349 4162 415 4214 milri
433 4163 531 4215 maiori
551 4163 689 4232 offensioni
714 4180 766 4216 esse
792 4181 868 4232 quam
892 4161 1058 4215 delectationi
1075 4159 1298 4229 possessiunculae
1320 4175 1399 4213 caeos.

236 4249 276 4304 lbi
297 4249 368 4301 enim
390 4252 586 4313 commemorat,
610 4250 678 4317 quod
700 4251 785 4302 causis
812 4249 899 4302 doceri
926 4247 1133 4317 argumentisque
1157 4246 1326 4299 demonstrari
1349 4261 1401 4299 non

235 4338 339 4404 potest;
357 4335 444 4404 itaque
463 4336 500 4388 ait
517 4335 652 4402 athrorare
670 4340 696 4389 et
708 4336 906 4389 assereratr'oue.
934 4334 969 4386 At
986 4334 1027 4386 hic
1040 4333 1103 4387 dicit
1114 4335 1265 4400 argumenta
1281 4348 1309 4384 se
1322 4348 1399 4400 posse

236 4421 344 4486 adame,
367 4422 462 4489 qrribus
485 4423 578 4489 probet
601 4438 629 4475 se
651 4423 749 4489 optimo
773 4422 857 4473 animo
876 4421 910 4473 ad
932 4419 1137 4488 cognoscendam
1164 4419 1247 4487 legem
1266 4419 1401 4472 Serviliam

236 4507 379 4561 accessisse
397 4507 505 4576 ideoque
523 4507 625 4561 ratione
638 4509 674 4560 ait
691 4512 717 4560 et
735 4509 895 4575 consternare.
922 4507 1041 4582 Lambini
1058 4522 1137 4560 causa
1154 4521 1334 4570 commemoro,
1354 4507 1412 4573 qui⁴

229 4608 328 4662 parum
344 4596 416 4649 reeta
433 4595 581 4648 coniectura
598 4611 660 4648 usus
677 4595 719 4649 hic
742 4611 842 4664 quoque
861 4595 930 4647 orrici
953 4595 1142 4647 asseveratione
1164 4593 1299 4661 afflectare
1324 4593 1399 4646 scribi

234 4679 325 4745 iussit,
342 4681 386 4751 qui
402 4680 470 4734 idem
480 4681 558 4750 paulo
570 4685 639 4750 post,
656 4683 716 4751 quia
728 4683 824 4737 bellum
836 4681 941 4755 aliquod
954 4680 1104 4737 consulatus
1122 4683 1148 4733 et
1160 4680 1305 4737 tribunatus
1323 4679 1401 4732 statui
