3550 5492
931 622 1026 674 XVIII

405 770 490 838 Sani
507 784 670 859 praeterea
692 773 772 836 duae
795 775 909 845 breves,
932 776 1024 857 quasi
1045 773 1281 857 ἀποσπασμάτια
1304 771 1382 854 lepis
1400 775 1563 854 apr-ariae.

403 884 475 949 Hoc
496 896 592 949 totum
615 888 707 969 σῶμα
729 886 846 949 curabo
868 895 901 946 ut
922 885 1048 948 lrabeas.
1086 882 1168 946 Hinc
1191 880 1369 964 colligemus
1392 881 1449 947 has
1472 883 1562 948 Cice·

398 997 483 1061 ronis
505 981 652 1076 actiones,
668 994 842 1060 consulares
871 994 969 1058 editas
992 1015 1057 1058 esse
1084 993 1218 1059 triennio
1246 999 1410 1078 postquam
1435 994 1563 1059 habitae

397 1113 484 1189 sunt3
523 1129 596 1173 nam
624 1113 712 1172 tanta
738 1107 805 1171 eins
835 1105 901 1171 erat
928 1127 999 1170 cum
1021 1106 1124 1195 Attico
1152 1104 1347 1169 familiaritas
1374 1111 1563 1192 tantumque

398 1220 492 1284 huius
516 1218 669 1297 omnium,
692 1238 770 1302 qnae
793 1217 846 1281 ille
867 1217 1028 1300 scriberet,
1052 1216 1205 1295 studium,
1228 1222 1264 1281 ut
1286 1236 1376 1281 nemo
1398 1223 1479 1281 certe
1503 1219 1562 1283 At-

397 1330 458 1395 tico
479 1330 567 1415 prius
589 1308 789 1413 cognosceret.
834 1329 869 1393 Si
892 1335 996 1394 autem
1019 1329 1189 1393 triennium
1216 1328 1275 1392 hac
1301 1328 1453 1393 orationes
1476 1329 1562 1414 apud

399 1441 576 1507 Ciceronem
599 1446 765 1526 antequam
787 1440 967 1524 ederentur,
990 1441 1164 1523 latuerunt,
1194 1447 1320 1526 apparet
1345 1445 1449 1505 extare
1470 1439 1561 1522 tales,

399 1554 505 1638 quales
534 1575 567 1618 se
594 1553 740 1618 habuisse
768 1553 891 1618 volebat
915 1552 1028 1635 videri,
1057 1572 1132 1618 non·
1147 1551 1253 1637 quales
1281 1542 1399 1616 habuit.
1451 1550 1561 1635 Neque

398 1666 482 1730 enim
511 1664 667 1750 probabile
695 1658 759 1747 est,
789 1684 859 1729 cum
886 1669 951 1728 tam
980 1664 1033 1729 diu
1061 1664 1117 1728 illc
1138 1663 1221 1748 apud
1249 1685 1282 1728 se
1304 1663 1466 1744 retineret,
1485 1653 1561 1727 ¹non
1597 1724 1599 1743 ,

398 1776 498 1840 multa
513 1796 586 1840 eum
600 1796 638 1839 ex
660 1776 710 1857 iis,
726 1797 805 1859 quae
826 1775 875 1840 vel
888 1774 1054 1840 meditatus
1077 1779 1143 1839 erat
1163 1775 1213 1839 vel
1235 1775 1354 1838 dixerat
1369 1775 1456 1858 (nam
1479 1794 1561 1858 quae
1597 1756 1599 1761 ¹

402 1885 482 1951 dixit
504 1887 542 1950 ab
564 1886 699 1954 librariis
717 1891 848 1971 'excepta
875 1873 942 1951 esse
964 1907 1026 1950 non
1048 1886 1227 1968 negamus),
1251 1890 1402 1966 mutasse,
1425 1885 1489 1948 elia
1512 1906 1562 1950 co-

398 1997 515 2083 piosius
537 1989 714 2083 explicasse,
738 1999 800 2063 alia
823 1998 970 2080 omisisse,
995 1997 1127 2081 denique
1156 1997 1260 2062 omnia
1280 1997 1315 2061 in
1338 2017 1406 2061 eam
1428 1998 1561 2063 formam

349 2166 352 2172 .
398 2107 560 2191 redegisse,
584 2090 767 2194 quamtum
789 2109 925 2173 maxime
946 2110 1097 2194 probaret.
1148 2108 1235 2186 Quod
1262 2119 1360 2194 nuper
1387 2130 1460 2173 cum
1482 2109 1562 2174 Tul-

398 2218 517 2284 lianam
539 2220 708 2284 orationem
729 2241 784 2306 pro
799 2221 930 2286 Murena
946 2206 1181 2302 illustraremus,
1205 2220 1369 2286 docuimus
1380 2220 1562 2287 Ciceronem

399 2343 461 2396 non
485 2331 675 2396 credidisse
697 2339 775 2416 quac
797 2332 932 2414 dixerat,
956 2333 1009 2396 sed
1030 2338 1159 2417 partem,
1172 2353 1249 2415 eam,
1277 2353 1356 2417 quae
1370 2333 1482 2399 minus
1507 2334 1562 2398 de-

397 2440 570 2507 lectationis
592 2442 737 2507 habitura
757 2450 853 2526 esset,
877 2443 1037 2526 omisisse,
1060 2444 1154 2508 aliam
1183 2444 1361 2536 diligentius
1383 2453 1560 2528 exornasse,

396 2552 480 2617 idem
501 2553 536 2617 in
557 2553 606 2617 his
629 2553 817 2620 orationibus
832 2554 1045 2619 consularibus
1068 2555 1166 2621 multo
1189 2556 1284 2620 etiam
1304 2556 1403 2638 magis
1418 2561 1560 2624 statuen-

292 2680 295 2684 ·
399 2662 571 2749 demerit,
594 2670 626 2729 et
652 2665 778 2749 quidem
805 2665 922 2751 duplici
944 2666 982 2730 dc
1013 2687 1113 2732 causa.
1165 2668 1306 2745 Primum
1334 2669 1479 2733 enimin
1511 2669 1561 2734 his

398 2774 590 2865 Ci'ceroipse
605 2766 822 2842 Demosthenis
842 2773 1051 2862 eloquentiam
1073 2779 1263 2844 aemulatum
1285 2801 1318 2844 se
1339 2800 1405 2845 csse
1427 2781 1560 2846 fatetur:

398 2907 492 2972 quare
515 2887 599 2952 omni
622 2874 694 2953 eum
716 2911 789 2955 cura
810 2875 989 2975 putabimus
1012 2901 1090 2976 quae
1112 2891 1240 2974 dixerat,
1268 2885 1560 2978 elaborasse'eaquc

397 2999 525 3064 condere
546 3000 691 3083 voluisse,
714 3021 793 3085 quae
821 2999 1009 3086 sempiterna
1036 2995 1145 3086 gloria
1161 3000 1254 3085 digna
1283 3009 1393 3067 essent.
1438 3002 1559 3070 Deinde

397 3111 544 3194 quoniam
566 3132 586 3175 a
606 3111 714 3176 multis
736 3117 859 3196 propter
881 3133 934 3194 ea,
957 3113 1091 3195 quaein
1113 3112 1275 3177 consulatu
1297 3118 1449 3194 gesserat,
1472 3115 1558 3181 vitu-

399 3222 571 3307 perabatur,
594 3230 666 3286 cum
680 3221 814 3286 actiones
830 3220 1005 3286 consulares
1027 3222 1138 3300 ederet,
1160 3221 1319 3306 providere
1343 3243 1414 3285 eum
1436 3232 1557 3308 oporte-

396 3330 460 3412 bat,
483 3352 522 3394 ne
545 3331 619 3416 quid
640 3332 675 3395 in
696 3332 736 3397 iis
758 3330 848 3414 esset,
872 3332 954 3417 quod
969 3337 1049 3397 reete
1071 3332 1134 3397 sibi
1146 3331 1338 3415 obiiceretnr,
1360 3339 1398 3397 ut
1420 3335 1557 3403 rationes

399 3441 586 3526 consiliaque
614 3465 671 3509 sua
697 3443 944 3510 luculentissimo
969 3450 1147 3531 exponeret:
1176 3465 1270 3529 quam
1297 3446 1439 3511 mutandi
1461 3453 1557 3532 atquc

399 3553 584 3619 emendandi
604 3575 666 3619 non
689 3556 831 3640 exiguam
853 3556 1041 3622 occasionem
1063 3556 1159 3621 fuisso
1181 3556 1318 3622 arbitror.
1380 3536 1382 3540 Α

428 3682 431 3686 ·
484 3666 547 3731 Nec
567 3688 639 3732 vero
660 3668 968 3753 praetermittendum
990 3674 1046 3750 est,
1063 3669 1143 3753 quod
1158 3669 1263 3734 (licere
1278 3673 1311 3733 re
1333 3691 1442 3755 corpus
1458 3672 1557 3754 quod-

400 3779 472 3843 dam
495 3774 670 3845 or'ationum
690 3779 905 3845 consularium
932 3779 1068 3845 effecisse
1090 3780 1144 3846 ait.
1187 3781 1350 3845 Exemerat
1375 3781 1471 3863 igitur
1499 3783 1557 3848 has

400 3907 437 3952 ex
459 3889 648 3975 reliquarmn
669 3913 797 3957 numero
823 3891 1048 3977 separatimque
1076 3892 1111 3956 in
1138 3892 1298 3957 hominum
1320 3892 1464 3957 manibus
1487 3913 1557 3959 esse

398 3998 545 4066 voluerat.
590 4002 807 4087 Imprimisque
829 4002 1000 4069 excluserat
1019 4002 1189 4085 iudiciales,
1207 3976 1376 4088 ⁴propterea
1403 4003 1484 4086 quod
1507 4007 1557 4070 ni·

399 4110 459 4174 mis
488 4111 694 4176 contentiosae
720 4118 842 4197 essent,
856 4129 968 4199 'nequo
996 4113 1082 4189 illam
1110 4097 1165 4201 pro
1186 4114 1336 4196 Murena,
1364 4134 1457 4199 quam
1478 4113 1556 4180 item

334 4219 337 4227 ’
399 4222 434 4286 in
466 4220 643 4304 consulatu,
673 4223 727 4287 sed
761 4225 844 4309 apud
872 4225 989 4292 iudices
1024 4226 1148 4308 habuit,
1186 4224 1464 4312 comprehenderat.
1510 4228 1556 4291 De

401 4333 522 4415 agraria
548 4336 653 4398 antem
680 4333 746 4417 lege
774 4343 993 4403 commemorat
1021 4343 1166 4422 quattuor
1195 4329 1385 4413 orationes'a
1407 4357 1439 4411 so
1466 4336 1557 4403 habi-

381 4449 458 4527 tas,
480 4444 614 4529 primam
636 4445 700 4512 Cal.
723 4447 789 4512 Ian.
817 4448 852 4513 in
879 4455 1004 4533 senatu,
1038 4449 1166 4515 alteram
1196 4448 1278 4534 apud
1304 4446 1464 4533 populum,
1486 4454 1556 4514 tum

401 4555 478 4621 duas
505 4557 629 4638 breves,
663 4556 739 4622 item
773 4559 856 4645 apud
888 4555 1051 4646 populum:
1086 4581 1124 4626 ex
1152 4554 1264 4644 qrribus
1297 4559 1393 4624 altera
1421 4581 1459 4623 ex
1485 4559 1556 4627 bre-

403 4668 492 4736 vibus
513 4689 576 4735 non
598 4674 698 4752 extat,
720 4669 857 4757 reliquae
878 4679 1061 4759 supersunt,
1091 4671 1154 4737 nisi
1180 4671 1261 4757 quod
1282 4671 1400 4758 primae
1426 4671 1555 4738 initium
