3550 5492
936 604 995 645 VIII

386 739 514 804 (laesere
536 748 717 826 superatum
738 762 805 805 esse
827 742 983 824 viderent,
1007 742 1087 826 quod
1109 747 1283 826 temporum
1304 759 1468 823 rerumque
1491 760 1550 836 ne·

386 850 531 937 cessitate
546 853 668 935 accidit,
691 853 791 939 ipsius
807 853 959 919 stultitiae
973 853 1149 918 tribuerunt
1171 874 1303 938 eumque
1320 853 1469 934 omniurn,
1492 852 1550 936 qui

384 984 524 1049 unquam
538 965 760 1051 rempublicam
775 964 1210 1056 attigeruntineptlssimum
1232 987 1267 1030 ae
1286 964 1438 1051 puerilem
1460 984 1549 1049 pror·

385 1097 439 1142 sus
466 1076 563 1142 luisse
592 1078 790 1143 statuerunt.
823 1077 940 1154 Quibus
969 1077 1166 1162 vituperandi
1193 1077 1337 1143 voluntas
1365 1097 1428 1140 non
1450 1076 1548 1158 deest,

385 1208 501 1272 eorum,
524 1209 602 1274 quae
620 1190 663 1254 ab
675 1189 821 1254 Cicerone
836 1189 885 1253 vel
908 1194 977 1254 aeta
992 1189 1040 1253 vel
1064 1188 1146 1254 dieta
1161 1194 1245 1271 sunt,
1268 1189 1352 1253 iusta
1373 1188 1548 1254 aestimatio

385 1320 569 1388 magnopere
598 1301 692 1368 deest.
737 1301 837 1378 Quare
867 1321 1000 1385 magnus
1023 1300 1111 1366 nobis
1143 1300 1323 1387 disputandi
1344 1300 1429 1365 loeus
1450 1300 1548 1366 relin-

385 1417 540 1499 queretur,
563 1413 626 1479 nisi
648 1414 686 1479 de
707 1413 775 1499 ipsa
796 1413 854 1478 hac
875 1413 942 1497 lege
966 1412 1098 1478 Servilia
1120 1413 1239 1498 copiose
1268 1419 1340 1494 ante
1362 1412 1416 1477 hos
1440 1413 1547 1476 decom

385 1527 448 1590 fere
470 1525 622 1592 annos'in
644 1525 937 1592 commentationum
961 1521 1226 1613 epigraphicarum
1248 1525 1342 1589 Voll
1364 1547 1394 1610 p.
1411 1524 1473 1589 262
1498 1523 1547 1588 di-

384 1638 548 1720 xissemus,
571 1638 626 1702 ubi
647 1626 725 1704 curn
739 1637 918 1703 universam
946 1637 1136 1704 coloniarum
1158 1639 1368 1704 Romanarum
1394 1636 1547 1702 rationem

264 1779 267 1784 ·
384 1770 646 1837 persequeremur,
663 1753 701 1816 et
718 1769 796 1835 quae
811 1755 1045 1816 antecesserunt
1063 1756 1097 1817 11
1119 1772 1197 1836 quae
1220 1755 1399 1832 evenerunt,
1422 1749 1548 1814 abunde

385 1863 616 1948 explicavimus.
649 1861 755 1948 Neque
777 1862 888 1927 accidit
903 1863 1001 1945 nobis,
1025 1862 1105 1947 quod
1119 1863 1223 1949 ipsum
1244 1864 1272 1928 si
1287 1863 1445 1943 accideret,
1469 1883 1547 1946 quo-

385 1974 547 2039 dammodo
569 1995 801 2058 excusaremur,
824 1982 861 2041 ut
882 1975 1049 2060 quicquam
1072 1996 1109 2038 ex
1131 1973 1170 2039 iis
1192 1995 1271 2060 quae
1298 1979 1373 2038 tune
1398 1973 1547 2057 diximus,

384 2085 569 2151 mutandum
593 2107 659 2151 esse
682 2086 882 2169 arbitremur,
906 2090 1142 2171 quaequetunc
1164 2085 1199 2150 in
1224 2086 1319 2152 totius
1341 2086 1385 2150 rei
1407 2079 1548 2169 agrariae

386 2197 518 2264 deeursu
539 2197 716 2265 meditando
739 2198 947 2284 exposuimus,
971 2219 1007 2263 ea
1028 2199 1062 2263 in
1080 2199 1192 2264 harum
1208 2198 1381 2264 orationum
1404 2196 1548 2282 diligenti

385 2309 638 2398 interpretatione
661 2311 836 2376 confirmari
857 2310 1077 2377 intelleximus.
1125 2313 1209 2389 Quae
1232 2332 1302 2376 eum
1324 2311 1369 2375 ita
1391 2309 1463 2391 sint,
1486 2310 1549 2374 etsi

385 2423 543 2488 eruditum
571 2422 715 2488 lectorem
749 2422 789 2487 ad
816 2427 951 2487 veterem
985 2429 1122 2488 nostram
1150 2422 1393 2509 disputationem
1419 2421 1549 2486 reiicere

385 2533 507 2618 licebat,
529 2554 569 2599 ne
592 2534 667 2619 quid
682 2540 786 2600 tamen
801 2534 858 2599 hoc
873 2534 938 2599 loco
961 2534 1194 2617 desideraretur,
1216 2555 1314 2620 pauca
1337 2534 1374 2598 de
1395 2532 1462 2619 lege
1473 2531 1549 2598 Ser-

385 2645 462 2712 vilia
482 2646 679 2732 praemittere
701 2646 928 2712 constituimus.

423 2763 426 2770 '
470 2759 549 2825 Lata
570 2758 666 2843 igitur
687 2765 736 2824 est
757 2759 832 2823 haec
852 2759 904 2824 lex
927 2779 1007 2824 anno
1031 2761 1071 2825 63
1095 2781 1122 2824 1.
1139 2758 1211 2825 Chr.
1227 2760 1305 2844 (691
1329 2759 1367 2824 ab
1389 2757 1479 2842 urbe)
1502 2757 1548 2822 lli.

387 2869 490 2960 Tullio
513 2870 547 2935 G.
559 2871 696 2936 Antonio
718 2892 777 2936 eos.
801 2892 820 2935 a
841 2871 876 2936 P.
894 2870 1139 2955 Servilio'Rullo,
1162 2872 1287 2938 tribuno
1309 2871 1418 2957 plebis,
1440 2870 1548 2954 ignoto

385 2980 524 3066 alioquin
544 2981 680 3066 11111111,
702 2983 764 3048 1111
779 2983 860 3068 quod
874 2984 1076 3069 pecuniosum
1098 2985 1174 3048 satis
1190 2984 1285 3048 fuisse
1308 3004 1345 3047 ex
1360 2980 1456 3046 Plinii
1479 2989 1546 3046 nat.

384 3092 458 3160 11111.
476 3093 558 3177 VIII,
572 3095 636 3160 210
658 3095 816 3187 discimus,
840 3095 896 3178 qui
909 3102 1030 3181 patrem
1052 3095 1118 3160 eius
1133 3100 1239 3158 narrat
1253 3093 1389 3178 primum
1411 3093 1548 3158 solidum

386 3226 497 3292 aprum
518 3205 552 3269 in
574 3206 675 3291 epulis
697 3206 883 3300 apposuisse.
928 3207 1069 3272 Partium
1090 3205 1216 3291 quidem
1237 3204 1339 3270 studio
1361 3223 1548 3290 magnopere

385 3339 456 3382 eum
478 3316 582 3383 luisse·
595 3319 735 3383 deditum
756 3341 867 3406 parum
882 3325 930 3383 111
951 3317 1123 3404 probabile3
1146 3333 1218 3382 narn
1240 3338 1298 3381 111
1318 3317 1384 3402 ipse
1400 3337 1455 3380 nec
1477 3338 1549 3409 rna-

385 3428 466 3494 11111
488 3430 639 3515 posterive
668 3431 749 3496 inter
771 3432 933 3517 optimates
957 3435 1017 3494 111
1032 3429 1194 3515 populares
1217 3429 1432 3510 nominantur,
1460 3449 1548 3493 socer

388 3546 491 3607 autem
513 3541 642 3626 Valgius
665 3542 814 3609 Sullanus
835 3545 935 3609 fuerat
956 3564 1013 3608 nec
1034 3543 1129 3608 luisse
1151 3563 1183 3607 se
1205 3539 1430 3606 dissimulabat.
1474 3539 1547 3603 Τ11-

386 3653 522 3720 1111111111
543 3660 666 3736 tamen,
689 3675 781 3738 quem
803 3652 942 3740 gerebat,
966 3676 1036 3720 eum
1062 3659 1098 3719 ut
1119 3652 1276 3740 popularis
1299 3658 1379 3718 esset
1400 3651 1547 3716 admone-

387 3765 454 3830 bat:
486 3766 541 3850 qui
562 3773 725 3851 postquam
747 3789 828 3833 anno
852 3767 1012 3832 71111.
1036 3765 1180 3852 Pompeio
1202 3760 1364 3830 restitutus
1388 3770 1448 3845 est,
1474 3784 1548 3828 eum

386 3876 421 3940 in
444 3876 521 3941 alias
536 3878 681 3961 11111111,
704 3900 782 3965 quae
798 3880 972 3964 antiquitus
988 3879 1183 3944 tribunorum
1198 3877 1296 3962 plebis
1318 3876 1457 3962 propriae
1480 3876 1547 3956 lue·

387 3993 468 4072 rant,
491 3995 558 4054 tum
582 3988 616 4052 in
638 3989 719 4074 leges
748 3991 883 4074 agrarias
905 3990 1082 4054 incumbere
1112 3989 1218 4073 coepit.
1264 3988 1363 4064 Quare
1386 3974 1490 4051 Cicero
1511 3987 1547 4050 in

387 4099 514 4165 alterius
548 4101 692 4166 orationis
721 4101 852 4184 exordio,
884 4102 937 4165 ubi
959 4101 994 4165 P.
1018 4099 1103 4164 Rulli
1132 4093 1236 4164 studia
1257 4099 1417 4184 popularia
1450 4099 1547 4165 nimis

387 4219 480 4296 auget
501 4215 541 4297 (o.
565 4215 595 4296 5,
621 4215 686 4299 13),
709 4213 981 4279 etauctoritatem
1004 4194 1069 4277 eius
1092 4211 1199 4293 elevet,
1222 4232 1255 4276 se
1277 4211 1380 4297 ipsum
1402 4231 1464 4276 non
1486 4213 1547 4276 mi-

387 4346 447 4389 nus
469 4326 648 4411 popularem
670 4328 810 4392 futurum
833 4327 969 4412 exponit.
1014 4325 1074 4389 uui
1096 4322 1266 4388 cavendum
1296 4329 1343 4388 est
1370 4343 1409 4386 ne
1430 4328 1547 4388 temere

388 4437 492 4502 omnia
513 4439 689 4504 credamus:
720 4459 775 4504 nos
806 4439 931 4524 quidem
953 4438 1081 4502 Rullum
1111 4436 1319 4520 intelligemus
1348 4455 1419 4498 eum
1447 4436 1547 4518 magi-

388 4554 488 4615 stratu
510 4533 602 4635 qriem
625 4558 750 4636 gereret,
774 4552 814 4616 ad
835 4550 997 4637 populares
1020 4549 1195 4629 duceretur,
1219 4546 1322 4612 animo
1344 4545 1440 4638 fuisse
1466 4549 1547 4632 opti-

387 4661 523 4728 matibus
551 4683 614 4728 non
642 4663 759 4751 iniquo.
810 4663 936 4730 Etenim
965 4681 1063 4745 genus
1090 4661 1192 4747 ipsum
1220 4658 1297 4742 legis
1326 4659 1463 4742 agrariae
1486 4662 1546 4724 etsi
