3550 5492
787 579 1002 643 ..71-

308 742 461 805 testatem
482 759 573 803 nemo
595 739 708 824 attigit,
732 763 809 826 quae
831 742 963 807 maiores
983 734 1016 807 in
1040 743 1116 808 urbe
1130 742 1245 828 partim
1259 744 1389 828 periculi
1409 766 1479 833 per-

308 842 402 926 fugia
422 863 490 908 esse
510 843 685 909 voluerunt.
729 845 815 911 llaec
836 844 903 929 loge
925 844 1095 909 tribunicia
1115 845 1206 909 liviri
1227 846 1371 912 vendent.
1416 851 1478 916 Ao-

308 945 396 1012 cedit
417 968 453 1012 eo
473 967 563 1012 mons
577 947 714 1014 Gaurus:
737 949 887 1014 accedunt
902 947 1011 1012 salicta
1026 947 1267 1014 edMinturnas:
1291 951 1478 1037 adiungetur

308 1050 410 1116 etiam
435 1049 492 1116 ilia
518 1051 571 1117 via
598 1051 763 1117 vendibilis
792 1051 1005 1133 Herculanea,
1039 1052 1210 1118 multarum
1238 1054 1420 1122 deliciarum
1447 1065 1479 1124 et

307 1174 446 1237 magnae
466 1153 629 1239 pecuniae:
651 1153 806 1238 permulta
828 1153 899 1236 alia,
923 1176 1002 1239 quae
1024 1163 1150 1221 senatus
1172 1163 1295 1243 propter
1317 1161 1477 1243 angustias

308 1256 425 1323 aerarii
445 1255 607 1322 vendenda
628 1257 766 1340 censuit,
789 1259 939 1331 consules,
950 1267 1074 1349 propter
1102 1260 1257 1326 invidiam
1284 1284 1348 1328 non
1368 1266 1478 1331 vendi·

308 1357 436 1423 derunt.
467 1357 583 1423 Verum
605 1357 681 1422 haec
702 1360 830 1424 fortasse
850 1367 975 1447 propter
989 1364 1138 1449 pudorem
1159 1365 1194 1429 in
1208 1365 1275 1448 iege
1297 1366 1475 1434 reticentur.
1486 1372 1520 1426 37

307 1461 374 1528 Sed
395 1460 477 1526 illud
489 1461 589 1544 magis
612 1467 658 1526 est
672 1462 860 1527 credendum
874 1469 906 1528 et
920 1467 1210 1550 pertimescendum,
1233 1467 1315 1553 quod
1329 1468 1476 1536 audaciae

307 1566 438 1633 Xuirali
458 1566 753 1653 corrumpendarum
773 1566 951 1633 tabularum
978 1569 1173 1655 publicarum
1201 1571 1476 1661 fingendorumque

400 1749 493 1790 accedet.
506 1767 525 1776 -
544 1749 652 1788 resedeat.
729 1756 732 1760 ·

306 1893 385 1950 blicis
399 1895 512 1966 positae,
526 1895 628 1965 partim
646 1895 724 1948 eitam
743 1896 770 1947 ic
787 1895 894 1949 cedibus
916 1897 999 1948 sceris
1016 1923 1051 1934 -
1069 1897 1249 1952 deiicereatcr.
1293 1898 1344 1954 Sed
1358 1902 1474 1970 periculi

301 1982 438 2053 persapia
454 1981 518 2035 dicit
535 1997 575 2045 ea,
593 1998 658 2050 quae
675 1982 781 2050 proprie
799 1982 873 2050 asyla
891 1983 1063 2048 nominantur,
1080 1984 1107 2037 in
1125 2001 1191 2053 quae
1208 1984 1324 2041 homines
1342 1989 1475 2058 coniugia·

305 2071 386 2135 bant,
413 2068 507 2137 quibus
529 2068 672 2137 periculum
689 2069 799 2121 maxime
826 2070 858 2121 ab
886 2069 970 2123 iudice
988 2070 1141 2124 immineret.
1185 2071 1344 2141 Quamquam
1361 2075 1474 2131 invidiae

306 2154 481 2209 concitandae
503 2169 582 2208 causa
599 2154 688 2232 Cicero
714 2155 763 2207 hoc
789 2155 920 2224 asylornm
943 2157 983 2208 ius
1005 2156 1107 2210 videtur
1131 2172 1233 2226 angere.
1268 2157 1382 2214 Graecus
1406 2162 1474 2215 enim
1530 2136 1536 2159 ἱ

308 2245 369 2295 erat
386 2257 454 2307 mos,
471 2258 488 2294 a
504 2241 628 2295 Romanis
646 2257 776 2309 nunquam
798 2243 861 2294 satis
886 2245 1018 2310 receptus,
1036 2245 1112 2311 atque
1129 2243 1214 2312 ipsum
1236 2244 1314 2310 iilud,
1337 2247 1406 2315 quod
1423 2247 1474 2301 Ro·

305 2327 408 2381 mnium
426 2329 454 2380 in
479 2330 568 2381 monte
586 2327 731 2397 Capitolino
754 2343 784 2380 eo
807 2327 878 2393 loco,
900 2328 969 2396 quod
986 2328 1181 2382 intermontium
1205 2330 1313 2395 dicitur,
1341 2334 1473 2401 aperuisse

305 2417 417 2469 mant
432 2414 498 2479 (mv.
514 2414 540 2479 I,
558 2414 599 2478 8),
618 2414 668 2466 alio
686 2429 719 2467 ex
736 2430 829 2482 genere
846 2414 904 2467 icit.
947 2413 998 2467 Sed
1015 2415 1145 2468 habebant
1167 2420 1253 2469 tamen
1277 2418 1360 2471 multa
1375 2420 1473 2488 templa

305 2515 431 2571 magnam
457 2499 619 2555 sanctitatem
643 2499 784 2567 quandam,
807 2500 834 2550 in
856 2515 921 2569 quae
945 2500 1074 2554 tenuiores
1101 2501 1212 2554 maxime
1233 2503 1350 2557 homines
1373 2506 1397 2558 si
1414 2521 1474 2558 con·

305 2587 453 2656 fugissent,
479 2601 577 2639 moram
603 2589 672 2638 certe
698 2585 807 2653 periculi
829 2585 981 2639 afferebant'
1009 2614 1043 2624 —
1071 2603 1141 2640 raons
1166 2587 1285 2654 Gaurus,
1313 2591 1389 2644 hodie
1411 2592 1474 2646 Bar-

305 2675 382 2750 baro,
399 2688 477 2742 super
494 2671 602 2736 Cumas,
625 2671 687 2724 olim
704 2672 763 2724 vino
781 2672 883 2735 nobilis,
901 2672 977 2725 hodie
1000 2673 1103 2726 sterilis.
1144 2671 1249 2727 salicto
1267 2676 1305 2728 cd
1321 2675 1473 2731 Miatcracs

306 2760 343 2813 ab
360 2759 431 2813 nullo
449 2758 500 2812 alio
518 2763 756 2824 commemorantur,
775 2759 822 2812 sed
838 2759 973 2828 probabile
991 2764 1032 2812 est
1049 2760 1129 2813 fuisse
1146 2762 1214 2814 inter
1231 2762 1310 2815 Lirim
1328 2781 1428 2818 amnem
1446 2770 1473 2819 et

306 2861 396 2910 mare,
419 2860 470 2914 quo
493 2844 552 2899 ioco
572 2845 681 2915 paludes
698 2846 903 2909 Minturnenses,
921 2844 950 2898 O.
967 2846 1041 2898 ilarii
1058 2845 1203 2899 calamitate
1224 2848 1337 2913 nobiles,
1360 2850 1472 2905 fuerunt.

305 2934 388 3002 Ipsae
404 2933 551 2987 liintumae
572 2938 646 2989 vetus
668 2933 769 3005 colonia
792 2933 886 2985 civium
911 2935 980 2996 erat,
1003 2931 1113 2985 deducta
1135 2949 1202 2986 anno
1222 2932 1272 2986 296
1291 2951 1315 2989 a.
1333 2935 1391 2989 Chr.
1424 2934 1473 2990 Via

306 3019 479 3073 Herculaneo
496 3035 562 3086 qnae
579 3020 614 3072 sit
630 3021 772 3087 ignoratur.
799 3018 888 3086 Neque
907 3019 974 3072 enim
992 3018 1068 3072 credo
1086 3035 1143 3072 esse
1161 3020 1233 3073 iilum
1252 3023 1310 3075 octo
1328 3023 1473 3077 stadiorum

308 3122 510 3177 aggeremque
527 3106 653 3160 lucrinus
670 3108 742 3160 lacus
760 3124 776 3158 a
793 3107 858 3158 mari
876 3105 937 3158 oiim
957 3106 1146 3172 seiungebatur,
1163 3122 1238 3175 quem
1257 3107 1350 3162 Strabo
1368 3108 1401 3173 V,
1417 3110 1472 3173 4,6

307 3193 343 3246 ab
361 3191 472 3246 Hercule
488 3191 585 3244 factm
603 3207 660 3244 esse
678 3192 721 3243 ait
757 3190 796 3243 Ea
812 3189 939 3256 Herculea
957 3191 1000 3243 via
1018 3189 1153 3254 diceretur,
1170 3191 1331 3246 Herculanea
1352 3193 1472 3247 dicineo

305 3283 425 3350 peterat3
442 3293 490 3332 nec
507 3294 557 3346 quo
575 3281 652 3347 pacto
671 3277 807 3331 vendibilis
825 3279 842 3332 i.
851 3292 874 3331 e.
894 3277 926 3330 ad
943 3276 1128 3330 aedificandum
1147 3282 1208 3347 apta
1226 3294 1282 3332 esse
1300 3279 1415 3348 potuerit
1434 3281 1474 3333 in·

306 3366 411 3435 tellig03
430 3364 555 3433 siqnidem
573 3365 649 3417 unius
667 3366 767 3417 tantum
785 3378 874 3416 eunus
893 3364 1004 3417 orbitam
1023 3364 1156 3418 commode
1174 3366 1275 3434 cepisse
1294 3366 1394 3420 dicitur.
1424 3367 1474 3420 Po-

305 3453 360 3506 tius
378 3452 459 3521 igitur
476 3467 534 3505 cnm
558 3451 664 3504 verbum
682 3451 714 3503 ab
732 3450 893 3505 Herculaneo
917 3451 1012 3520 oppido
1036 3452 1157 3517 ducatur,
1179 3453 1255 3506 credo
1273 3451 1325 3506 dici
1342 3454 1410 3506 riam
1428 3453 1473 3506 ali·

305 3555 386 3609 quam
403 3539 472 3592 inter
479 3537 615 3606 Neapolim
624 3541 650 3590 et
658 3536 853 3590 Herculaneum.
885 3536 1042 3608 Scripsimns
1056 3541 1141 3590 autem
1154 3539 1273 3592 codicum
1291 3539 1473 3592 auctoritatem

306 3626 393 3680 secuti
410 3624 511 3678 accedit
528 3626 556 3677 et
576 3623 716 3687 accedant,
733 3625 852 3677 nimirum
870 3625 898 3677 in
917 3625 1161 3688 senatusconsultis,
1185 3623 1230 3676 sed
1253 3624 1418 3691 odicapetcr,
1437 3623 1474 3675 ni·

305 3713 402 3764 mirum
420 3709 550 3775 aXriris3
570 3726 628 3762 nam
647 3710 680 3763 ab
699 3710 831 3764 codicibus
849 3711 977 3775 recedere,
995 3727 1052 3764 cum
1071 3709 1298 3764 senatusconsulta
1315 3709 1473 3777 ignoremus,

306 3798 353 3851 rix
370 3801 455 3851 tntum
471 3798 519 3850 est.

396 3899 440 3954 37.
456 3901 541 3970 anapia
559 3908 598 3953 est
614 3901 777 3954 credendam.
804 3900 934 3954 immerito
953 3901 979 3953 in
991 3901 1040 3953 hoe
1051 3900 1130 3952 verbo
1143 3897 1217 3950 multi
1227 3897 1382 3964 interpretes
1394 3896 1472 3949 offen·

305 3988 414 4051 derunt3
440 3988 580 4056 opponitur
602 3988 668 4039 enim
687 3987 712 4040 ei
736 3987 804 4055 quod
827 3987 955 4040 antecedit
971 3986 1088 4054 fortasse
1111 3984 1260 4045 reticeatur,
1284 3983 1302 4034 i.
1321 3998 1343 4035 e.
1362 3981 1473 4036 fortasse

305 4073 438 4128 credimus
456 4074 570 4137 reticeri3
589 4074 635 4126 sed
652 4074 715 4126 illud
732 4075 809 4142 longe
827 4073 987 4134 credibilius,
1010 4070 1078 4141 quod
1095 4071 1157 4122 item
1175 4068 1408 4137 pertimescendum
1425 4072 1471 4121 est

305 4187 341 4197 -
359 4159 609 4226 corrumpendarum
628 4157 773 4210 tcbcicrcrc
789 4157 962 4226 prodiicerent.
990 4154 1221 4209 Senatusconsulta
1237 4154 1265 4207 in
1277 4155 1364 4207 aeneis
1377 4153 1472 4207 tabulis

305 4244 524 4307 inscribebantur,
541 4258 605 4311 quas
619 4242 707 4295 attrei
725 4242 801 4294 facile
814 4257 891 4309 posse
905 4241 998 4309 corrigi
1016 4239 1056 4292 vei
1069 4254 1148 4292 noras
1166 4239 1230 4294 adeo
1248 4239 1319 4308 fingi,
1336 4241 1473 4309 propterea

305 4330 378 4401 quod
395 4332 473 4400 pauci
490 4333 571 4383 testes
595 4333 769 4397 superessent.
810 4329 911 4380 Etenim
935 4328 1027 4395 quiin
1050 4326 1191 4379 scribendis
1213 4325 1358 4378 Sccnsultis
1382 4325 1472 4378 adesse

306 4417 430 4473 solebant
447 4434 479 4470 cr
497 4416 668 4476 senatoribus,
686 4432 743 4467 eam
762 4415 793 4466 ab
811 4429 916 4466 causam
935 4413 1050 4475 aderant,
1068 4415 1097 4465 ut
1108 4414 1194 4481 ipsum
1212 4411 1284 4476 illud,
1301 4411 1370 4479 quod
1388 4411 1473 4464 decm-

305 4511 363 4559 tnm
381 4510 460 4571 esset,
476 4506 644 4570 scriberetur,
666 4502 712 4556 sed
730 4500 862 4569 numquod
879 4499 1044 4553 Sconsultnm
1067 4500 1164 4553 factum
1187 4501 1269 4563 esset,
1296 4497 1418 4565 quoniam
1434 4512 1474 4550 se-

305 4595 385 4646 natus
402 4590 480 4644 modo
506 4592 625 4660 frequens
649 4590 726 4644 modo
749 4589 899 4657 infrequens
922 4591 991 4641 esset
1013 4602 1060 4640 nec
1084 4602 1237 4656 quemquam
1259 4584 1364 4637 omnino
1383 4583 1474 4636 adesse

309 4679 402 4746 ntique
425 4692 531 4735 necesse
553 4682 637 4744 esset,
659 4670 764 4749 praeter
783 4677 918 4742 consules,
940 4675 984 4746 qru'
1005 4673 1197 4747 praesidebant,
1220 4686 1295 4726 nemo
1313 4670 1367 4727 iere
1383 4668 1474 4724 saun
