3550 5492
785 554 1056 662 -rs-'

306 754 424 819 ceteris
450 754 551 820 rebus.
601 757 682 834 Quid
710 757 831 823 dicam?
887 759 1077 825 invidiosum
1103 768 1229 846 putasse
1256 763 1312 827 hoe
1338 765 1417 847 fore,
1445 765 1473 829 si

307 856 420 921 omnis
440 857 650 923 nominasset?
685 860 755 924 Non
777 860 889 925 metuit
910 861 1070 928 invidiam.
1108 865 1188 940 Quid
1209 865 1300 949 ergo?
1334 867 1473 950 Longum

306 960 436 1046 putavit
456 965 487 1024 et
507 959 615 1026 timuit
636 983 675 1026 ne
690 962 766 1047 quid
780 963 973 1047 praeteriret3
995 966 1137 1050 ascripsit
1155 970 1277 1032 aliudve
1297 973 1389 1053 quid.-
1411 991 1473 1054 qua

306 1061 464 1127 brevitate
485 1081 551 1126 rem
573 1063 692 1128 nullam
719 1085 785 1128 esse
807 1072 966 1151 exceptam
993 1068 1114 1133 videtis.
1159 1069 1311 1154 Quicquid
1338 1093 1409 1156 ergo
1431 1073 1472 1137 sit

307 1172 401 1230 extra
419 1165 553 1248 ltaliam,
575 1167 657 1251 quod
678 1168 837 1252 publicum
857 1167 965 1252 populi
986 1169 1117 1233 Romani
1139 1169 1256 1235 sactum
1276 1171 1318 1235 sit
1333 1173 1368 1236 L.
1384 1173 1474 1238 Sulla

308 1268 349 1344 Q.
372 1267 517 1353 Pompeio
539 1267 718 1333 consulibus
733 1275 788 1334 aut
808 1275 923 1355 postes,
946 1270 979 1335 id
992 1271 1104 1336 Xviros
1126 1271 1213 1337 iubet
1228 1274 1368 1339 vendere.
1408 1278 1472 1342 Hoc
1482 1285 1515 1339 39

308 1371 423 1457 eapite,
446 1370 591 1453 Quirites,
607 1392 712 1437 omnes
727 1379 844 1456 gentes,
861 1364 1014 1458 nationes,
1028 1376 1210 1461 provincias,
1231 1399 1326 1461 regne
1340 1379 1472 1446 Xvirum

307 1474 445 1557 dicioni,
477 1472 592 1541 iudicio
625 1477 831 1562 potestatique
860 1478 1011 1561 permisso
1043 1486 1074 1544 et
1101 1480 1271 1545 condonate
1298 1503 1364 1548 esse
1396 1484 1472 1550 dico.

307 1578 454 1643 Primum
476 1578 559 1643 enim
582 1577 639 1643 hoe
661 1601 789 1664 quaero,
812 1580 865 1664 qui
888 1579 1015 1646 tandem
1037 1581 1122 1646 locus
1148 1603 1280 1667 usquam
1301 1586 1352 1667 sit,
1381 1608 1474 1669 quem

310 1705 378 1748 non
399 1683 518 1769 possint
539 1683 628 1748 Xviri
657 1684 757 1759 dicere
784 1683 945 1769 publicum
971 1682 1077 1768 populi
1098 1685 1230 1750 Romani
1257 1708 1323 1752 esse
1348 1691 1473 1754 iactum.

310 1785 396 1853 Nam
418 1808 490 1852 cum
511 1786 595 1851 idem
615 1787 714 1872 possit
734 1786 872 1852 iudicare
895 1787 950 1872 qui
973 1787 1099 1870 dixerit,
1123 1790 1197 1874 quid
1225 1798 1281 1874 est,
1309 1792 1390 1876 quod
1408 1815 1472 1875 „non

306 1887 404 1954 liceat
425 1888 454 1952 ei
476 1887 585 1970 dicere,
608 1887 658 1952 oui
681 1886 772 1953 liceat
793 1887 875 1953 idem
898 1889 1053 1955 iudicare?
1097 1891 1296 1959 Commodum
1319 1889 1377 1961 erit
1398 1897 1474 1960 Per-

395 2069 428 2110 ³8.
436 2070 543 2119 Quidquid
551 2071 658 2119 ididan·
669 2069 701 2110 39.
710 2070 806 2110 Primum
818 2072 857 2111 hee
865 2082 954 2121 quaero,
967 2076 1028 2122 ecque·
1040 2077 1163 2116 tendens·
1171 2078 1286 2117 deserviri
1298 2089 1339 2117 non
1349 2080 1470 2127 possint-

307 2140 377 2181 le'mt
389 2141 457 2179 ewen
470 2141 575 2179 iudicare.

306 2268 454 2322 maioribus
470 2269 566 2322 nostris
577 2269 606 2320 in
623 2268 745 2337 Africam
763 2286 794 2322 ex
806 2271 855 2340 iqc
868 2272 1010 2340 provincio
1025 2273 1125 2340 prades
1142 2274 1248 2343 imperii
1258 2275 1349 2343 factm
1366 2279 1413 2341 est)
1431 2281 1472 2331 est

309 2355 388 2426 gradi
406 2355 448 2409 rel
460 2355 642 2424 procedentem
655 2356 697 2408 vel
707 2356 895 2422 ascendentem,
913 2357 990 2426 idque
1002 2359 1051 2412 hoc
1067 2359 1124 2413 loeo
1142 2377 1234 2428 parum
1247 2365 1343 2429 aptum.
1370 2363 1472 2416 Diceret

309 2442 383 2494 enim
398 2441 451 2505 sie,
469 2440 530 2494 dum
554 2442 641 2511 priora
662 2442 708 2495 illa
730 2443 877 2508 constituit,
895 2444 999 2497 Rullum
1019 2447 1168 2514 pervenisse
1186 2447 1219 2499 ad
1236 2450 1334 2510 cetera3
1361 2448 1472 2502 debehat

308 2531 382 2582 certe
397 2528 535 2597 pervenire
552 2527 637 2580 dicere
654 2530 708 2593 vel,
731 2529 801 2596 quod
824 2529 909 2598 aptius
933 2534 987 2595 est,
1014 2532 1078 2584 haec
1105 2547 1162 2585 eum
1189 2533 1355 2586 fundamenta
1370 2535 1471 2599 iecisse,

308 2614 405 2683 quibus
422 2613 456 2667 ad
473 2617 559 2668 cetera
576 2615 729 2683 perveniret.
769 2616 853 2668 llinus
871 2620 957 2668 suum
975 2617 1076 2670 solitam
1095 2633 1152 2670 esse
1169 2619 1363 2672 translationem
1381 2620 1470 2674 Cicero

308 2703 369 2770 ipse
386 2701 464 2770 quusi
479 2704 506 2755 et
523 2701 650 2768 quendam
673 2701 771 2755 addens
789 2701 896 2755 indicat.
915 2729 948 2739 —
966 2702 1123 2755 invidiosum
1135 2711 1253 2771 putasse.
1289 2704 1333 2757 Sic
1350 2706 1401 2757 iam
1412 2706 1470 2758 lun·

308 2787 382 2841 tinus
400 2787 484 2842 editor
501 2803 534 2841 ex
550 2789 700 2841 coniectura
716 2789 833 2857 scripsit;
852 2803 912 2840 nam
930 2788 1031 2841 codices
1046 2794 1167 2856 putasset
1182 2789 1284 2842 habent.
1321 2789 1384 2842 Cum
1402 2792 1470 2843 enim

309 2872 449 2928 antecedat
465 2875 531 2944 quid
545 2875 632 2926 dicam
650 2891 706 2927 eccs
723 2875 841 2938 sensisse,
859 2874 997 2943 dupliciter
1014 2889 1120 2942 pergere
1138 2875 1235 2943 potuit,
1252 2878 1281 2927 ut
1298 2875 1366 2943 quod
1377 2876 1469 2928 Rullus

307 2959 436 3014 voluisset
453 2964 498 3014 aut
514 2977 547 3014 ex
564 2960 667 3014 dicendi
689 2961 767 3014 verbo
792 2964 881 3030 aptum
902 2959 999 3012 iaceret
1017 2963 1062 3012 aut
1079 2976 1126 3028 per
1143 2976 1172 3012 se
1188 2959 1296 3013 efferret.
1337 2961 1393 3014 Hoc
1409 2961 1471 3013 feeit

308 3047 466 3116 paulopost
483 3049 587 3116 leopem
606 3047 727 3116 putavit,
750 3062 808 3100 eum
825 3047 887 3099 item
910 3045 1065 3099 infinitivum
1087 3050 1182 3114 ponere
1204 3046 1311 3110 licebat,
1338 3046 1403 3099 illud
1419 3047 1469 3100 hoe

307 3133 378 3186 loeo.
412 3131 581 3187 Coniunctiro
600 3134 702 3202 quidem
726 3133 813 3186 nullus
830 3133 903 3186 locus
921 3135 969 3186 est.
988 3160 1021 3169 —
1041 3132 1171 3200 Quicquid
1188 3148 1256 3198 erqo.
1291 3133 1370 3185 Redit
1387 3133 1469 3185 oratio

308 3221 387 3289 qussi
403 3224 466 3290 poet
482 3221 648 3290 parenthesin
666 3220 793 3288 quendam
806 3220 840 3272 ad
857 3219 893 3284 id,
910 3218 980 3286 quod
997 3219 1082 3272 fuerat
1094 3220 1140 3286 qui
1150 3220 1218 3288 apri,
1238 3236 1303 3286 quae
1321 3220 1387 3281 loeo,
1403 3232 1470 3287 quse

309 3306 463 3374 singillstim
481 3307 612 3360 nominata
630 3309 703 3359 erant
720 3306 903 3374 complectens.
944 3306 974 3358 ln
991 3306 1042 3359 hoo
1059 3309 1143 3358 sutem
1163 3305 1195 3358 ad
1213 3307 1301 3374 priora
1317 3304 1402 3358 reditu
1419 3320 1470 3358 non

307 3395 410 3446 tantum
428 3391 519 3460 icitur,
537 3406 624 3444 rerum
643 3392 720 3443 etiarn
738 3407 799 3457 erqo
816 3392 879 3459 poni
898 3393 1000 3443 constat
1016 3390 1086 3453 (ride
1104 3391 1216 3458 Madvig.
1235 3391 1269 3443 ad
1287 3391 1340 3444 Cic.
1353 3391 1385 3443 de
1397 3390 1471 3455 flul,

311 3478 356 3541 21,
369 3476 422 3542 72),
432 3481 462 3530 ut
473 3477 541 3546 quod
551 3478 721 3531 recentissimi
738 3477 850 3530 editores
867 3493 901 3530 ex
918 3478 1002 3530 minus
1020 3478 1088 3530 bono
1101 3476 1189 3531 codiee
1207 3479 1366 3546 seripserunt
1379 3477 1469 3545 ipitsr,

308 3582 344 3620 ex
362 3569 509 3620 correctura
526 3566 633 3631 librarii,
650 3567 694 3636 qui
712 3583 773 3635 erqo
791 3567 863 3620 brevi
880 3567 966 3634 spatio
985 3568 1068 3634 repeti
1085 3566 1174 3631 nollet,
1192 3571 1280 3618 natum
1302 3581 1358 3618 esse
1382 3565 1468 3617 existi·

309 3668 387 3706 mem.
414 3651 539 3706 Consules
557 3655 650 3716 entem
668 3653 711 3721 qui
731 3653 904 3716 nominantur,
921 3653 1024 3705 fuerunt
1036 3668 1102 3705 anno
1120 3653 1153 3706 88
1165 3655 1226 3720 post
1238 3651 1381 3704 coniectum
1393 3649 1469 3702 modo

297 3738 408 3792 'bellum
425 3738 573 3792 llarsieum.
608 3737 648 3790 xx
666 3753 716 3806 quo
733 3741 850 3805 tempore
867 3736 938 3790 nulla
954 3752 1035 3806 prope
1052 3737 1102 3789 fuit
1114 3736 1244 3805 provincia
1261 3736 1385 3799 Romana,
1403 3752 1469 3804 quse

308 3840 364 3878 non
380 3823 510 3877 seditione
529 3840 559 3877 ao
577 3824 645 3877 bello
663 3824 864 3892 perturbaretur,
881 3826 911 3875 ut
927 3823 1068 3876 rectissime
1087 3822 1188 3885 Cicero,
1210 3822 1330 3889 quoniam
1347 3822 1469 3890 quiequid

307 3911 379 3964 bello
396 3910 438 3963 vel
456 3911 558 3980 capitur
575 3910 616 3963 vel
634 3910 764 3979 recipitur,
781 3909 872 3978 populi
890 3909 999 3962 Romani
1016 3908 1054 3972 fit,
1072 3922 1160 3960 omnes
1171 3910 1262 3976 gentes
1280 3921 1310 3959 ae
1321 3907 1467 3975 provincias

307 3997 367 4065 lege
384 3995 496 4049 Servilia
512 3997 693 4064 comprehendi
711 3997 868 4050 criminetur.

396 4081 438 4136 39.
456 4082 522 4150 quid
531 4087 572 4135 est
581 4084 651 4150 quod
661 4101 712 4136 oen
730 4084 809 4136 liceat
825 4084 851 4136 ei
867 4083 961 4146 dicere,
981 4083 1025 4134 cui
1036 4081 1115 4134 liceat
1128 4080 1194 4133 idem
1204 4079 1343 4134 iudicaret
1359 4081 1467 4135 Codices

307 4168 414 4237 quidem
432 4182 521 4222 ornnes
539 4171 660 4223 exhibent
678 4171 722 4222 coi
737 4188 789 4223 cen
807 4171 886 4224 liceat
895 4175 950 4234 cet,
969 4169 1112 4237 quodcum
1131 4183 1219 4220 verum
1240 4184 1292 4221 non
1314 4183 1372 4221 esse
1389 4185 1468 4237 appa-

305 4257 384 4318 reret,
402 4254 566 4322 negationem
584 4255 683 4323 primus
701 4254 800 4322 expulit
818 4254 956 4306 Victorius.
992 4253 1044 4306 Sed
1068 4254 1184 4305 recentes
1207 4252 1318 4306 editores
1336 4253 1468 4307 Iuntinum

306 4340 391 4392 wenti
409 4340 568 4408 scripserunt
586 4340 630 4392 cui
647 4340 726 4414 lieret
742 4340 823 4392 eidem
842 4339 968 4402 iudicare,
990 4338 1076 4391 inutili
1095 4355 1124 4390 ae
1141 4354 1232 4406 parum
1251 4342 1312 4406 apta
1332 4340 1467 4392 sententis.

306 4425 376 4479 Nam
393 4442 464 4479 mera
481 4431 522 4480 est
539 4442 627 4480 eorum
644 4442 710 4495 quae
728 4426 881 4479 antecedunt
899 4443 956 4478 euro
973 4426 1041 4478 idem
1058 4426 1145 4494 possit
1167 4426 1285 4478 iudicare
1307 4426 1353 4493 qui
1370 4413 1469 4478 decit

306 4511 439 4580 repetitio.
473 4512 565 4580 ltaque
581 4526 628 4564 nos
646 4510 730 4562 deleta
741 4511 917 4563 tantummodo
930 4511 1066 4579 negatione
1079 4510 1146 4564 hane
1158 4511 1311 4564 sententiam
1323 4510 1466 4562 effecimus:

307 4595 437 4660 Quoniam
454 4595 523 4649 idem
540 4596 638 4650 iudicet
655 4596 699 4662 qni
717 4594 790 4659 dixit,
813 4596 899 4648 omnia
915 4597 1002 4664 potest
1015 4596 1107 4661 dicere,
1125 4579 1269 4664 quisquae
1286 4595 1361 4660 dixit,
1379 4595 1467 4647 eadem

304 4681 449 4738 indicando
466 4676 618 4739 confirmare
635 4683 703 4736 licet
739 4681 1004 4736 Animadvertendum
1025 4687 1112 4737 autem
1129 4687 1170 4736 est
1184 4684 1270 4752 ipsum
1290 4682 1395 4735 dicendi
1411 4695 1467 4735 ver·
