3550 5492
874 589 1087 651 ...26-

407 768 475 812 earn
496 749 628 833 primam
643 748 969 833 habeantorationem,
993 773 1055 835 qua
1070 751 1201 834 gratiam
1222 752 1362 815 beneficii
1378 752 1478 816 vestri
1494 774 1562 816 oum

406 871 531 916 suorum
558 850 649 914 laudo
677 850 879 934 coniungant:
913 874 975 937 qua
996 854 1030 918 in
1061 855 1197 920 oratione
1224 854 1368 919 nonnulli
1396 855 1561 940 aliquando

407 953 494 1037 digni
516 955 666 1020 maiorum
688 955 752 1019 loeo
774 956 985 1040 reperiuntur,
1014 959 1151 1044 plerique
1180 964 1283 1023 autom
1309 958 1366 1043 hoo
1387 960 1561 1043 perficiunt,

406 1066 442 1124 ut
464 1067 585 1125 tantum
607 1061 772 1126 maioribus
795 1084 900 1128 eorum
928 1064 1067 1128 debitum
1095 1084 1161 1127 esso
1183 1061 1340 1143 videatur,
1354 1062 1446 1126 undo
1471 1061 1562 1126 etiarn

406 1165 487 1250 quod
509 1165 636 1250 postoris
662 1165 839 1248 solveretur,
862 1166 1057 1234 redundaret.
1094 1167 1172 1233 Mihi
1194 1165 1329 1254 quidem·
1341 1165 1425 1254 apud
1447 1187 1506 1232 vos
1528 1165 1561 1233 de

491 1348 583 1389 araneosa
595 1348 717 1390 corilionem.
731 1368 755 1379 -
769 1348 829 1396 Heln,
843 1349 943 1398 Quirites,
958 1351 1017 1400 apud
1029 1359 1071 1391 eos.

405 1513 483 1551 marne
496 1512 557 1559 esse,
568 1503 651 1565 atpro
661 1496 740 1548 rantis
750 1512 836 1548 eoram
850 1497 877 1547 in
885 1513 965 1565 remp.
977 1497 1076 1550 rneritis
1089 1497 1196 1549 honores
1208 1496 1245 1547 eis
1257 1494 1400 1547 habeantur
1410 1497 1563 1563 gratiaeque

323 1581 326 1588 '
404 1582 559 1650 ralia-antur.
586 1581 637 1635 Sed
654 1583 773 1635 Latinum
787 1587 872 1634 tamen
886 1582 1004 1642 existimo
1015 1582 1155 1652 genitivum
1168 1582 1282 1649 arriumvis
1298 1581 1416 1648 exemplo
1435 1585 1563 1634 carentem

405 1669 538 1736 ruinasque
556 1669 619 1723 bene
629 1669 815 1722 substantivum
828 1684 884 1720 cunr
896 1670 1086 1737 praepositione
1100 1668 1228 1722 videretur
1241 1669 1368 1736 coniungi.
1386 1667 1441 1721 Nee
1459 1684 1563 1736 prorsus

405 1752 528 1805 dissimile
546 1756 593 1816 est,
611 1752 679 1821 quod
696 1752 783 1805 Livius
802 1768 983 1820 nonnunquam
1001 1753 1062 1806 dioit
1078 1755 1193 1822 gratiana
1211 1755 1323 1806 aliern'as
1341 1755 1386 1806 ‘rei
1397 1753 1489 1820 ferre,
1508 1753 1563 1806 ride

404 1838 449 1901 IV,
468 1838 500 1890 12
519 1842 545 1890 et
562 1838 648 1903 XXII,
667 1839 699 1904 26
718 1843 743 1891 ot
756 1838 871 1901 XXXV,
884 1837 927 1892 35.
946 1866 979 1875 -
998 1837 1109 1891 debitam
1126 1856 1179 1892 esse
1196 1840 1349 1906 praeteritae
1367 1837 1564 1905 significationis

404 1939 461 1975 esso
478 1924 639 1991 imperfecta,
657 1939 722 1991 quae
744 1925 945 1991 consequuntur,
966 1922 1088 1979 iudicant
1124 1925 1219 1979 Rarum
1241 1924 1270 1976 id
1293 1928 1332 1977 est
1348 1925 1419 1986 (nam
1445 1923 1565 1977 adieetiri

403 2009 486 2062 locrun
514 2010 579 2062 solet
603 2010 651 2061 hoa
677 2011 838 2077 participium
861 2010 987 2074 obtinere)
1011 2028 1058 2065 nee
1078 2014 1165 2066 inveni
1191 2012 1259 2080 apud
1284 2011 1446 2072 Ciceronem,
1471 2011 1524 2063 nisi
1542 2027 1564 2078 p.

405 2094 486 2159 Quiot.
507 2095 547 2158 lt,
564 2094 597 2147 39
616 2097 678 2161 qaia
696 2097 765 2164 praed
785 2095 896 2148 debiturn
913 2114 1044 2166 rranqanrn
1061 2105 1106 2162 est,
1124 2099 1154 2150 id
1170 2098 1258 2150 dotarn
1280 2116 1331 2150 non
1349 2105 1393 2150 est.
1430 2095 1565 2149 Sententia

404 2182 505 2250 quidem
527 2199 578 2235 non
602 2184 711 2236 obseura
728 2187 779 2237 est:
802 2184 877 2250 pauci
901 2184 1003 2236 omnino
1022 2184 1121 2237 nobiles
1145 2199 1190 2252 per
1208 2200 1236 2236 se
1259 2185 1311 2252 ipsi
1333 2183 1477 2236 honoribus
1495 2182 1564 2250 digni

404 2270 471 2329 suut,
489 2266 663 2334 plurimorum.
671 2268 780 2320 maiores
799 2271 851 2320 tarn
868 2268 933 2320 bene
952 2268 983 2320 de
1000 2285 1054 2336 rep.
1072 2272 1228 2333 meruerant,
1245 2273 1273 2321 ut
1294 2269 1405 2337 populus
1425 2269 1564 2331 Romanus,

404 2351 469 2419 quod
489 2353 588 2419 gratiae
607 2353 658 2405 illis
675 2353 770 2406 reterre
789 2369 840 2405 non
857 2346 983 2422 potuerat,
1002 2358 1035 2410 ad
1051 2359 1099 2411 hos
1117 2358 1238 2412 conferat.
1257 2386 1290 2395 -
1307 2357 1372 2409 oniti
1389 2357 1503 2423 quidem.
1533 2355 1564 2408 Si

403 2439 486 2505 ipsum
505 2439 578 2504 quasi
596 2438 680 2501 effert,
698 2432 733 2490 ut
749 2455 852 2491 causam
875 2457 948 2492 suam
972 2443 1004 2494 ab
1023 2443 1139 2511 plurimis
1157 2444 1280 2496 nobilium
1303 2442 1403 2494 differre
1426 2442 1564 2509 significet,

403 2523 576 2591 parlierdaque
597 2525 699 2592 paidcnr
717 2525 866 2577 modestiam
883 2527 1012 2593 quandam
1030 2529 1125 2582 adiicit.
1151 2528 1333 2593 commemoro,
1345 2545 1378 2580 ne
1395 2529 1436 2580 eui
1454 2529 1563 2596 placeat,
1598 2594 1600 2601 Ι

403 2611 470 2678 quod
487 2611 605 2664 Baiterus
629 2628 661 2665 ex
678 2613 778 2666 Pithoei
798 2613 909 2681 quodam
931 2613 997 2667 libro
1021 2617 1110 2682 ignoto
1133 2615 1227 2678 edidit,
1252 2615 1329 2678 irriti,
1349 2614 1480 2676 Quirites,
1498 2611 1564 2682 quod

403 2686 479 2765 longe
491 2702 531 2750 est
542 2698 684 2765 superbius.
695 2726 728 2735 -
737 2716 783 2751 nos
802 2700 904 2752 illurn-ru
921 2699 1056 2767 sanguinis
1068 2698 1256 2768 dissipatosque
1270 2698 1361 2750 uidetis
1380 2696 1563 2749 institutorum.

404 2782 476 2846 erod
498 2800 531 2836 eu
553 2785 722 2837 consentienti
744 2801 825 2854 prope
847 2785 903 2839 eod.
928 2786 1078 2840 auctoritate
1101 2785 1211 2838 editores
1235 2784 1317 2855 adbuc
1338 2783 1500 2848 seripserunt
1520 2798 1563 2835 nor

403 2869 505 2922 illatura
531 2871 656 2938 sosipatre
678 2878 779 2924 creatos
806 2871 1002 2940 ‹lnerplinispne
1028 2869 1157 2921 institutos
1180 2868 1288 2931 videtis,
1311 2866 1408 2934 duplici
1430 2864 1464 2917 de
1488 2880 1564 2920 cause

402 2953 462 3005 lorri
480 2970 530 3005 non
554 2957 646 3022 potest.
689 2955 803 3007 Primum
824 2957 894 3008 enirn
916 2955 1042 3023 surrpuine
1068 2961 1184 3007 creatam
1206 2951 1297 3022 poetae
1320 2954 1459 3019 potuerrmt
1482 2952 1563 3006 dicare

401 3041 487 3107 (atque
505 3040 769 3104 urio.riotxl11,31
790 3041 855 3093 dixit
872 3043 1000 3109 srrrrpaine
1019 3049 1117 3095 oretani
1134 3039 1277 3109 Sisyphio),
1295 3037 1383 3089 Cicero
1402 3039 1563 3106 non-potnit.

402 3125 559 3195 Quamquam
577 3129 794 3196 hrmesanguinis
816 3143 904 3181 rocem
921 3128 1038 3181 similiter
1056 3141 1179 3193 usurpare
1197 3139 1248 3176 non
1265 3123 1394 3189 negarim
1418 3138 1482 3175 narn
1503 3128 1561 3193 post

401 3211 455 3265 rod.
472 3213 499 3264 in
517 3230 570 3267 sen.
589 3215 619 3277 7,
638 3214 669 3267 15
687 3218 727 3267 est
743 3211 865 3281 'cogitatio
891 3220 1010 3265 rnnternu
1032 3208 1204 3277 Transalpini
1225 3207 1361 3274 sangnirn's
1384 3212 1411 3258 et
1433 3209 1560 3278 sanquine

402 3297 534 3349 coniuncti
550 3298 668 3350 dicuntur
685 3298 727 3360 (de
744 3298 840 3350 invent
857 3296 891 3359 11,
909 3295 951 3360 53,
963 3296 1023 3358 161)
1039 3298 1066 3346 ol
1083 3291 1276 3361 consanguinei,
1293 3292 1443 3360 leuemque,
1463 3295 1488 3347 si
1506 3310 1562 3347 sau·

402 3383 487 3448 guinis
505 3382 611 3437 alicuius
629 3384 669 3435 rel
686 3399 719 3436 ex
736 3382 861 3451 sangnine
879 3397 936 3434 esso
954 3379 1058 3441 diceret,
1079 3377 1149 3429 relat
1166 3376 1251 3440 Quint
1269 3375 1334 3439 ΧΠ,
1352 3371 1429 3439 9,1·0
1446 3375 1561 3430 domines

401 3465 477 3519 liberi
492 3468 639 3535 sanguinis,
661 3468 707 3520 sed
727 3467 792 3522 illud
814 3467 882 3536 quod
899 3469 955 3518 erat
977 3463 1103 3532 sanprrine
1125 3469 1238 3525 erentes,
1261 3462 1344 3529 poitis
1365 3461 1562 3535 relinquendum

399 3568 457 3606 esse
474 3552 566 3608 iudico.
600 3554 683 3623 ltagis
701 3555 779 3608 etiam
800 3553 936 3607 offensioni
953 3556 1006 3614 est,
1028 3548 1095 3618 quod
1118 3547 1240 3601 edebatur
1262 3548 1409 3617 ‹lr'scr‘ptiais
1428 3538 1561 3603 institores

402 3637 501 3690 rietatis.
535 3637 601 3689 Nam
618 3637 767 3706 disciplinas
785 3639 809 3691 si
824 3636 955 3703 intelligas
972 3635 1106 3699 maiormn,
1123 3651 1181 3687 ourn
1198 3650 1229 3687 ea
1242 3651 1318 3702 quam
1330 3634 1487 3687 sententiam
1503 3650 1562 3689 esso

400 3726 509 3790 oportet,
526 3737 634 3791 pugnes.
673 3723 761 3776 Cicero
782 3723 864 3784 enirn,
887 3737 945 3774 eum
963 3737 995 3773 ex
1017 3737 1045 3774 se
1062 3726 1088 3773 et
1108 3722 1195 3784 fratre,
1209 3737 1256 3775 suo
1275 3723 1346 3784 (narn
1367 3721 1436 3798 hane
1457 3737 1561 3790 quoqne

401 3802 502 3862 ridetur
519 3811 544 3862 h.
563 3809 580 3863 l.
598 3809 741 3879 complecti)
758 3810 882 3863 maiorum
904 3809 1035 3876 iugenimn
1057 3808 1177 3875 cognosci
1200 3823 1276 3874 posse
1298 3806 1406 3869 diceret,
1429 3808 1458 3857 ut
1483 3823 1564 3861 unam

402 3913 432 3949 ac-
448 3912 606 3948 commuuem
623 3912 710 3949 corum
728 3895 889 3962 disciplinam
908 3910 964 3948 esse
980 3893 1145 3962 significaret,
1163 3894 1287 3961 singulari
1305 3908 1409 3947 numero
1428 3894 1467 3945 uti
1484 3893 1562 3946 debe

402 3980 454 4043 bat,
472 3995 523 4032 non
539 3979 645 4047 plurali,
663 3980 706 4048 qni
725 3980 810 4032 rarios
827 3995 916 4032 eorum
933 3979 1105 4032 moresfuisse
1122 3980 1254 4032 iudicaret
1289 3978 1336 4030 Sin
1357 3994 1408 4030 non
1425 3979 1563 4043 maiorum,

401 4065 447 4118 sed
464 4065 591 4134 quaslibet
611 4065 759 4133 disciplinas
777 4065 959 4132 intelligamus,
980 4074 1051 4118 artes
1061 4066 1179 4119 liberales
1199 4084 1228 4120 ae
1245 4066 1331 4118 studia
1347 4065 1472 4128 dicentia,
1490 4066 1563 4119 velut

401 4168 426 4220 p.
444 4152 494 4219 leg.
510 4153 578 4204 llan.
599 4152 644 4215 10,
661 4150 695 4204 '28
714 4153 846 4220 puericiae
864 4162 925 4205 srmt
946 4152 1114 4221 ‹tiss-aptatae,
1132 4148 1295 4221 quodquam
1314 4153 1429 4218 ineptum
1446 4150 1563 4205 laturam

400 4239 443 4299 sit,
461 4240 574 4304 apparot.
610 4237 680 4301 Quae
698 4254 755 4290 eam
773 4238 894 4303 riderem,
914 4255 1069 4308 magnopere
1086 4257 1127 4293 me
1144 4242 1225 4294 morit
1245 4239 1301 4292 eod.
1318 4238 1383 4306 Lag.
1400 4238 1416 4288 o
1434 4237 1515 4292 lectio
1531 4238 1561 4291 il·

401 4323 484 4374 torunr
506 4325 632 4390 sarrgaine
652 4327 793 4395 discipulas
818 4327 911 4379 ridetis
934 4329 1077 4390 institutos,
1098 4342 1164 4395 quae
1181 4326 1230 4378 etsi
1248 4323 1316 4377 haud
1334 4323 1410 4375 dubie
1426 4322 1497 4376 falsa
1514 4328 1562 4388 at,

401 4418 486 4460 ramea
502 4416 529 4460 et
545 4409 673 4478 insignem
694 4413 846 4481 reliquorum
865 4414 980 4467 codicum
996 4413 1219 4482 interpolationem
1236 4411 1332 4464 indicat
1349 4409 1454 4478 etquid
1471 4427 1581 4465 rerum-

401 4491 448 4545 sit.
471 4502 658 4549 commonstrat
697 4497 768 4550 Nihil
789 4499 857 4550 eninr
881 4500 908 4550 in
925 4497 969 4552 illo
986 4502 1043 4569 ipso
1061 4500 1147 4553 codice
1164 4498 1322 4567 frequentius
1339 4506 1380 4547 est
1395 4497 1562 4564 corruptiore

400 4579 614 4633 terminationem.
644 4582 798 4651 Scripsimus
817 4587 895 4652 igitur
912 4585 1047 4651 surrprrinis
1064 4590 1090 4635 et
1108 4583 1291 4641 iristitatoranr,
1308 4579 1463 4632 inseruimus
1481 4580 1562 4633 etiam

400 4665 551 4733 particulam
569 4684 625 4735 pac,
643 4686 693 4739 qua
711 4687 757 4725 nec
775 4672 856 4729 careri
872 4687 950 4743 pome
967 4674 995 4723 et
1010 4669 1129 4723 librarios
1145 4667 1220 4750 tarde
1237 4666 1323 4735 decipi
1338 4672 1498 4735 putaremus.
