3550 5492
714 584 933 680 423..

328 753 541 830 Quamobrem,
564 774 618 838 per
640 752 712 817 deos
730 752 936 816 immortales!
960 753 1093 836 colligite
1109 776 1174 835 vos,
1196 755 1314 819 tribuni
1337 756 1450 840 ple-IX

238 858 305 924 bis:
328 858 460 925 deserite
480 858 567 941 illos,
590 880 610 922 1
630 858 759 942 quibus,
783 857 844 921 nisi
866 855 1058 947 prospicitis,
1081 857 1166 922 brevi
1189 863 1325 943 tempore
1348 860 1402 924 de·
1516 869 1519 874 ’

239 963 404 1028 seremini:
428 963 601 1048 conspirate
617 962 789 1027 nobiscum:
814 959 983 1026 consentite
999 983 1070 1026 cum
1086 962 1190 1028 bonis:
1206 984 1402 1029 communem

238 1064 464 1151 rempublicam
479 1065 635 1130 communi
650 1063 752 1128 studio
774 1070 866 1148 atque
889 1083 991 1127 amore
1014 1065 1178 1131 defendite.
1213 1066 1314 1132 Multa
1329 1071 1403 1131 sunt

239 1169 363 1234 occulta
384 1166 569 1254 reipublicae
595 1166 734 1248 vulnera,
757 1166 857 1231 multa
879 1166 1066 1231 nefariorum
1094 1167 1210 1233 civium
1232 1167 1403 1253 perniciose

239 1268 380 1352 consilia,
403 1268 526 1335 nullum
540 1273 701 1333 externum
717 1268 888 1352 periculum
910 1274 966 1352 111,
989 1292 1052 1335 non
1074 1291 1138 1353 rex,
1160 1292 1223 1335 non
1239 1292 1313 1354 gens
1327 1273 1402 1355 ulle,

239 1395 303 1439 non
326 1372 413 1438 natio
439 1371 683 1459 pertimescenda
711 1376 772 1458 est:
806 1373 962 1439 inclusum
989 1374 1123 1456 malum,
1154 1374 1339 1440 intestinum
1367 1398 1403 1442 ac

240 1475 446 1540 domesticum
468 1480 523 1540 est.
561 1475 641 1539 Huic
656 1495 711 1559 pro
733 1496 765 1538 sc
780 1477 910 1561 quisque
933 1483 1072 1542 nostrum
1094 1478 1210 1542 mederi
1232 1485 1325 1562 atque
1346 1480 1403 1544 hoc

240 1599 349 1643 omnes
370 1599 480 1643 sanare
508 1578 587 1642 velle
616 1578 771 1643 debemus
816 1580 950 1661 Erratis,
979 1580 1006 1644 si
1036 1585 1178 1644 senatum
1205 1580 1333 1664 probare
1356 1587 1444 1671 0³72?

189 1669 191 1672 ⁵
243 1705 325 1769 quae
346 1706 366 1748 a
387 1696 438 1747 me
459 1683 613 1766 dicuntur,
636 1684 762 1769 putatis,
785 1666 934 1769 poprdum
954 1689 1058 1748 autem
1073 1705 1137 1760 esso
1160 1683 1194 1746 111
1216 1683 1279 1747 alia
1293 1683 1402 1748 volun·

240 1793 314 1852 tate.
359 1787 490 1869 Omnes,
519 1788 573 1871 qui
601 1809 633 1852 sc
662 1788 830 1852 incolumes
852 1786 967 1869 volent,
994 1793 1161 1871 sequentur
1189 1787 1402 1852 auctoritatem

240 1889 391 1970 consulis,
414 1889 507 1955 soluti
529 1911 549 1953 a
570 1889 807 1975 cupiditatum,
836 1889 926 1953 liberi
949 1890 1124 1972 1111111111,
1153 1889 1235 1953 cauti
1263 1889 1298 1952 in
1320 1889 1401 1973 peri·

240 1992 336 2074 culis,
371 2014 433 2058 non
461 1993 565 2056 timidi
593 1993 626 2057 in
656 1993 913 2058 contentionibus.
970 1995 1084 2070 Quodsi
1112 1995 1166 2078 qui
1188 1999 1326 2058 vestrum
1348 2015 1402 2079 spe

241 2096 367 2161 ducitur
388 2118 420 2162 sc
442 2118 531 2183 posse
546 2097 724 2161 turbulenta
739 2097 857 2162 ratione
880 2097 987 2162 honori
1008 2097 1155 2162 velificari
1178 2118 1243 2179 suo,
1266 2097 1402 2181 primum

243 2221 295 2263 me
317 2200 441 2265 consule
462 2200 495 2263 id
510 2221 630 2285 sperare
654 2200 800 2293 desistat,
813 2202 925 2265 deinde
940 2202 1053 2267 habeat
1074 2203 1177 2287 ipsum
1194 2222 1244 2264 mc
1266 2201 1325 2264 sibi
1349 2201 1402 2265 do-

241 2307 396 2383 cumento,
424 2323 517 2385 quem
537 2301 671 2386 equestri
693 2309 795 2366 ortum
817 2305 882 2370 loco
906 2305 1063 2371 consulem
1084 2304 1185 2387 videt,
1218 2324 1296 2388 quae
1319 2304 1401 2368 vitae
1430 2341 1434 2346 -

241 2405 294 2471 ria
322 2404 467 2470 facillime
495 2405 577 2470 viros
607 2406 699 2470 bonos
728 2407 767 2470 ed
794 2406 941 2470 honorem
971 2395 1214 2489 dignitatemque
1243 2404 1399 2489 perducat.

241 2506 357 2584 Quodsi
378 2528 432 2571 vos
454 2513 592 2572 vestrum
614 2509 692 2572 mihi
715 2509 864 2590 studium,
888 2515 989 2592 patres
1005 2509 1178 2593 conscripti,
1201 2507 1241 2571 ad
1263 2528 1400 2571 commu-

242 2631 316 2675 nem
338 2609 523 2694 dignitatem
545 2612 768 2676 defendendam
790 2614 993 2698 profitemini,
1021 2613 1178 2699 perficiam
1203 2606 1336 2697 profecto
1358 2612 1399 2689 id,
1491 2676 1493 2681 ,

328 2794 419 2835 demde
431 2804 472 2836 eos.
486 2815 510 2824 -
524 2795 633 2836 11111111
646 2798 763 2835 1111111111.
777 2816 801 2825 -
815 2806 846 2833 mc
859 2797 935 2844 iprum.

328 2967 370 3019 27.
388 2964 477 3018 Liberi
494 2981 511 3014 (1
528 2962 637 3014 deliciis.
667 2960 798 3012 Edebatur
816 2957 899 3009 adhue
917 2955 992 3007 liberi
1009 2972 1026 3005 o
1038 2953 1147 3015 delictis,
1165 2953 1192 3004 iu
1211 2967 1260 3018 quc
1277 2951 1400 3003 haerebat

240 3070 293 3107 uon
315 3051 410 3105 iniuria
432 3048 578 3102 Lambinus.
624 3047 694 3111 Quae
717 3046 784 3097 enim
811 3049 851 3098 est
868 3045 919 3097 ista
941 3026 1007 3105 laus,
1030 3040 1161 3094 consulem
1182 3039 1273 3107 populi
1290 3038 1400 3090 Romani

239 3138 303 3191 nibil
323 3136 478 3203 deliquisse?
514 3132 543 3184 Si
559 3133 661 3202 priuata
678 3130 772 3182 delicta
788 3131 804 3184 i.
823 3147 844 3184 e.
863 3132 917 3182 uita
938 3129 1063 3196 probrosa
1081 3127 1188 3190 dicetur,
1206 3141 1244 3188 ea,
1262 3123 1399 3177 dummodo

240 3225 359 3286 exuatur,
377 3220 440 3274 1111111
457 3219 569 3288 pertinet
587 3218 618 3270 ad
637 3233 725 3284 remp,
745 3232 775 3268 ac
793 3215 869 3283 pauci
886 3217 954 3266 certe
973 3212 1091 3264 eonsules
1114 3211 1228 3272 luerunt,
1247 3208 1399 3276 inquorum

241 3310 296 3361 vita
313 3322 365 3360 non
383 3304 480 3373 aliquid
497 3306 585 3371 posset
602 3301 761 3369 reprehendi.
801 3300 855 3353 Nec
873 3301 976 3352 omnino
995 3298 1083 3352 011111
1102 3313 1170 3349 nune
1187 3293 1399 3363 philosophorum

240 3409 311 3447 more
329 3392 452 3460 disputat.
487 3389 596 3442 Publica
613 3389 698 3440 autem
716 3387 811 3439 delicta
827 3400 894 3454 quae
912 3399 968 3436 esse
985 3384 1087 3451 possint
1104 3397 1155 3434 non
1173 3380 1298 3447 intelligo.
1325 3378 1399 3432 01111-

239 3477 380 3531 mendabat
397 3475 476 3542 igitur
492 3472 646 3534 Lambinus,
669 3470 737 3538 quod
759 3486 833 3522 nemo
851 3472 965 3538 recipere
988 3486 1066 3522 ausus
1084 3473 1138 3532 est,
1162 3466 1271 3519 liberie
1290 3466 1398 3518 deliciis.

240 3565 413 3618 Ecce-autem
430 3561 479 3613 hoc
492 3559 577 3627 ipsum
595 3557 707 3625 optimus
721 3555 802 3609 codex
820 3559 916 3618 noster,
933 3569 1008 3623 quem
1025 3554 1080 3605 iure
1098 3552 1170 3618 sequi
1188 3550 1310 3612 uidemur,
1327 3565 1400 3615 prae-

240 3653 292 3704 bet.
327 3647 473 3700 Admodum
492 3646 586 3713 exigue
602 3649 643 3696 est
660 3642 804 3704 diversitas
821 3641 913 3704 fateor,
931 3654 1031 3701 necea,
1050 3638 1099 3700 cui,
1117 3638 1140 3688 si
1158 3634 1287 3687 sententia
1304 3633 1398 3696 obstet,

239 3737 350 3789 multum
367 3734 500 3795 tribuatur.
524 3731 577 3784 Sed
594 3730 694 3782 (11111111
711 3744 738 3780 11
756 3743 813 3780 1111
831 3728 942 3779 solutum
953 3743 971 3777 e
986 3719 1173 3792 cupiditatibus
1191 3721 1208 3771 i.
1218 3735 1240 3770 1.
1259 3717 1322 3768 nihil
1340 3733 1399 3769 con·

237 3823 370 3890 cupiscere
387 3819 429 3882 (11,
447 3816 533 3883 115),
550 3820 579 3874 ut
601 3816 694 3868 nullius
713 3815 763 3866 sibi
781 3814 865 3880 gratia
882 3829 947 3879 opus
966 3812 1012 3873 sit;
1034 3810 1086 3859 iam
1108 3807 1156 3858 hoc
1177 3803 1278 3855 videtur
1297 3801 1399 3866 addere,

238 3907 308 3977 qued
326 3910 390 3960 orat.
408 3905 441 3968 ll,
458 3903 506 3968 37,
527 3904 576 3956 100
593 3903 662 3966 (11111,
680 3902 712 3953 de
729 3900 853 3967 eu'pileuti
869 3897 975 3949 liciniae.
1008 3893 1057 3957 Qui
1075 3891 1142 3943 enim
1160 3887 1224 3940 nihil
1239 3889 1330 3952 habet,
1348 3904 1398 3956 quo

237 3993 376 4062 praecipue
394 3991 541 4052 delectetur,
560 3989 614 4041 1111
632 3988 659 4039 id
676 3992 716 4040 cst
732 3989 759 4039 in
777 3978 951 4054 voluptatibus
969 3982 1023 4034 1111
1041 3981 1068 4031 iu
1087 3976 1202 4030 doctriua
1224 3976 1322 4028 sivein
1341 3974 1398 4027 aliis

238 4079 346 4142 studiis,
363 4078 387 4129 is
404 4079 472 4128 recte
490 4075 591 4127 videtur
609 4074 673 4126 liber
691 4093 707 4126 u
726 4073 827 4126 deliciis
846 4067 985 4138 appellari,
1002 4066 1025 4118 is
1044 4069 1097 4118 toto
1115 4064 1199 4116 animo
1217 4063 1244 4114 in
1262 4061 1400 4129 rempubli-

237 4181 296 4218 cam
313 4163 465 4216 incumbere
488 4177 594 4229 eamque
617 4161 682 4212 tueri
700 4163 791 4227 potest.
833 4158 1005 4209 Veruntamen
1030 4155 1058 4203 ut
1082 4151 1124 4203 hic
1151 4148 1263 4202 codicem
1283 4150 1399 4200 nostrum

237 4249 321 4302 secuti
338 4262 439 4309 sumus,
456 4246 493 4297 ita
510 4245 587 4311 paulo
606 4248 665 4312 post
683 4242 764 4294 eidem
786 4242 907 4307 quereiam
925 4239 1037 4305 equestri
1054 4244 1138 4290 ortum
1156 4237 1210 4288 lece
1232 4233 1338 4287 habenti
1355 4233 1400 4285 ob-

236 4338 380 4402 temperare
398 4331 533 4384 noluimus.
557 4357 590 4365 —
611 4329 740 4394 velificari
745 4367 752 4390 ,
770 4329 786 4379 i.
805 4342 826 4378 e.
846 4325 968 4376 adiuvare
986 4338 1095 4386 cursum,
1113 4321 1161 4373 hoe
1178 4336 1229 4372 uno
1250 4319 1307 4371 loeo
1331 4316 1400 4385 apud

236 4420 398 4480 Ciceronem,
424 4431 472 4467 nee
489 4429 566 4480 saepe
592 4413 694 4464 omnino
718 4411 812 4477 legitur
833 4409 983 4477 videturque
1009 4407 1106 4476 aliquid
1133 4406 1164 4459 de
1192 4406 1245 4458 rita
1272 4404 1399 4457 communi

236 4505 348 4573 petitum
364 4502 466 4554 habere.
484 4501 531 4552 Est
549 4502 593 4549 aut
604 4496 735 4565 preprium
752 4496 780 4546 in
791 4494 839 4547 bae
856 4511 884 4547 re
897 4494 998 4562 secere.
1017 4521 1050 4530 —
1069 4492 1141 4561 epod
1161 4490 1272 4542 maiores
1290 4495 1398 4541 uestros.

236 4591 297 4646 Non
320 4590 432 4657 loquitur
458 4588 490 4639 de
516 4584 647 4654 republica
670 4600 684 4634 a
707 4582 735 4633 L.
754 4581 826 4634 Sulla
853 4581 991 4634 constituta
1014 4582 1091 4643 (certe
1107 4578 1186 4628 'cuim
1213 4574 1287 4642 eprid
1306 4580 1399 4642 potres

237 4683 341 4730 neetroe
358 4689 417 4729 esse
433 4673 563 4737 debebat),
580 4670 627 4725 sed
644 4670 676 4724 (11
694 4685 733 4734 ea,
745 4682 811 4738 quae
823 4670 883 4720 ante
901 4663 1030 4719 Gracchos
1049 4659 1185 4730 aliquando
1203 4657 1294 4714 fuerat
1318 4655 1399 4723 Quam
