3550 5492
709 612 924 677 ...35-

232 781 356 858 menter
376 795 454 859 opus
476 779 524 839 est
545 779 649 839 vestra
671 775 833 860 sapientia.
878 773 1027 837 Versatur
1055 773 1139 837 enim
1160 792 1291 855 magnus
1312 793 1396 838 error

232 883 359 963 propter
373 876 537 941 insidiosas
552 877 773 943 nonnullorum
795 875 1019 957 simulationes,
1042 876 1097 960 qui
1114 898 1184 941 cum
1206 875 1312 962 populi
1334 896 1396 941 non

233 980 337 1046 solum
359 979 529 1063 commoda,
552 1002 660 1046 verum
682 981 777 1046 etiarn
799 980 934 1045 salutem
961 986 1141 1065 oppugnant
1162 986 1194 1045 et
1213 981 1397 1066 impediunt,

233 1081 373 1147 oratione
388 1081 513 1166 assequi
527 1082 645 1160 volunt,
667 1090 703 1146 ut
716 1082 878 1168 populares
901 1104 966 1149 esse
982 1083 1155 1148 videantur.
1189 1084 1253 1167 Ego
1274 1084 1423 1170 qualem8

233 1185 381 1250 Calendis
400 1185 466 1249 lan.
490 1186 659 1271 acceperim
681 1187 913 1271 rempublicam,
930 1186 1075 1268 Quirites,
1098 1185 1251 1268 intelligo:
1273 1187 1396 1271 plenam

233 1288 464 1371 sollicitudinis
486 1289 611 1374 plenam
633 1290 770 1355 timoris:
793 1290 827 1354 in
850 1311 911 1374 qna
933 1289 1013 1353 nihil
1035 1294 1101 1352 erat
1121 1288 1213 1370 mali,
1239 1289 1320 1353 nihil
1343 1291 1398 1355 ad·

232 1392 317 1458 versi
346 1392 427 1477 quod
455 1414 518 1456 non
550 1393 622 1458 boni
649 1400 852 1476 metuerent,¹
867 1394 1000 1479 improbi
1030 1399 1235 1478 expectarent.
1286 1394 1400 1459 Omnia

232 1495 415 1560 turbulenta
447 1496 576 1560 consilia
609 1504 716 1562 contra
748 1497 831 1562 hunc
864 1496 1050 1581 reipublicae
1084 1502 1201 1560 statum
1228 1503 1260 1560 et
1292 1503 1398 1562 contra

232 1606 375 1665 vestrum
403 1599 501 1664 otium
522 1600 637 1684 partim
659 1600 749 1682 iniri,
777 1599 891 1684 partim
914 1599 1002 1663 nobis
1030 1599 1206 1665 consulibus
1229 1599 1397 1682 designatis

233 1704 315 1769 inita
337 1724 403 1768 esse
432 1703 622 1795 dicebantur.
668 1705 797 1769 Sublata
825 1709 892 1766 orat
914 1701 951 1764 de
973 1702 1036 1766 foro
1059 1702 1145 1784 fides,
1168 1723 1231 1766 non
1254 1703 1317 1767 ictu
1339 1703 1397 1766 ali-

233 1828 296 1891 quo
318 1828 415 1872 novae
437 1807 634 1890 calamitatis,
661 1808 714 1872 sed
737 1808 927 1892 suspicione:
956 1827 990 1871 ac
1018 1807 1246 1891 perturbatione
1268 1807 1396 1871 iudicio·

233 1929 315 1987 rum,
330 1909 539 1973 infirmatione
554 1931 657 1973 rerum
675 1910 881 1978 iudicatarum
897 1930 993 1974 novae
1009 1909 1244 1991 dominationes,
1261 1916 1396 1974 extraor-

233 2010 359 2075 dinaria
382 2032 445 2077 non
466 2013 614 2097 imperia,
638 2014 692 2077 sed
720 2035 814 2096 regna
842 2014 949 2098 quaeri
976 2014 1175 2099 putabantur.
1220 2015 1305 2090 Quae
1326 2021 1476 2088 cumali

326 2200 347 2240 R
360 2201 464 2242 Kalendis
476 2203 595 2243 Ianuariis.
613 2223 632 2232 -
646 2205 711 2244 otium
723 2208 820 2244 aesinam.
835 2224 859 2234 -
873 2204 992 2253 suspicione
1005 2215 1032 2245 uc
1044 2208 1112 2246 metu:
1123 2204 1293 2254 perturbatione.

257 2395 275 2409 ··
319 2374 346 2429 8.
368 2375 398 2426 iu
419 2393 470 2442 quo
497 2376 624 2443 coniunge
650 2392 707 2428 cum
731 2377 816 2429 verbis
840 2377 969 2430 metuendi
992 2381 1018 2430 et
1040 2377 1202 2445 expectandi.
1243 2376 1312 2430 Nilril
1334 2374 1403 2429 mali*

234 2465 344 2534 eogitari
362 2463 473 2532 poterat,
491 2461 559 2528 quod
578 2476 629 2513 non
647 2461 673 2512 in
692 2461 823 2529 republica
841 2462 954 2514 futurum
973 2478 1030 2515 esse
1047 2466 1175 2530 putarent.
1203 2462 1286 2526 Quare
1304 2461 1396 2515 deinde

233 2552 297 2604 dicit
319 2549 407 2603 cannia
432 2547 577 2600 turbulento
600 2548 708 2599 corrsiiio
733 2549 749 2601 i.
767 2564 789 2601 e.
808 2549 891 2600 omnis
918 2550 1027 2617 generis.
1067 2548 1237 2602 imminebant
1259 2549 1325 2601 enim
1348 2550 1396 2601 rei-

234 2638 364 2706 publicae,
382 2635 482 2704 qualem
494 2635 523 2687 L.
535 2635 607 2688 Sulla
624 2636 779 2700 instituerat,
797 2640 888 2703 postea
908 2636 952 2688 alii
974 2637 1095 2689 restituta
1112 2636 1248 2688 tribunicia
1266 2639 1395 2704 potestate

234 2727 384 2792 mutataque
401 2722 555 2775 iudiciorum
573 2721 671 2773 ratione
681 2720 863 2774 confirmarant
875 2722 953 2784 (hunc
971 2722 1038 2772 enim
1056 2721 1119 2788 reip.
1131 2727 1226 2772 statum
1239 2721 1290 2773 dici
1303 2736 1394 2773 censeo

234 2813 381 2879 statumque
399 2809 525 2878 appellari
543 2823 594 2860 non
613 2808 730 2875 quamvis
744 2808 927 2871 condicionem,
946 2806 1056 2859 sedeam
1069 2822 1134 2875 quae
1147 2805 1219 2859 firma
1231 2807 1309 2859 sitet
1321 2807 1396 2874 quasi

234 2900 287 2949 stet
304 2898 394 2949 notum
412 2896 465 2961 est)
482 2895 648 2947 imminebant
666 2895 745 2961 igitur
764 2897 825 2947 tunc
842 2893 917 2945 multi
936 2892 1024 2954 simul,
1042 2893 1151 2960 primum
1169 2891 1197 2944 L.
1217 2891 1334 2958 Catilina,
1352 2892 1396 2960 qui

233 2980 383 3034 consulatus
401 2979 560 3048 adipiscendi
579 2994 659 3032 causa
676 2979 761 3030 omnia
780 2979 913 3041 miscebat,
930 2979 984 3029 tum
1002 2976 1030 3030 G.
1041 2976 1142 3041 Caesar,
1161 2978 1205 3045 qui
1222 2976 1349 3041 effecerat,
1366 2980 1396 3029 ut

235 3067 337 3121 Sullani
356 3080 535 3134 percussores,
552 3066 596 3134 qui
613 3065 728 3133 praemia
749 3064 782 3116 ob
806 3064 893 3132 capita
914 3063 1115 3132 proscriptorum
1132 3063 1213 3116 relata
1235 3066 1396 3133 acceperant,

236 3155 421 3207 damnarentur
437 3152 496 3216 (Dio
515 3150 587 3205 Gaas.
605 3150 749 3214 XXXVII,
769 3152 813 3215 10;
832 3151 928 3204 Asccn.
947 3168 972 3219 p.
990 3151 1041 3215 91).
1076 3150 1133 3203 Huc
1151 3151 1218 3203 enim
1231 3147 1396 3220 perturbatio

232 3239 391 3293 iudiciorum
409 3240 436 3290 et
456 3238 597 3305 infiunoiio
623 3254 710 3290 aeritur
729 3237 920 3300 iruliratorunr,
947 3253 1011 3305 quae
1039 3237 1130 3289 deinde
1156 3239 1395 3300 commemorantur,

233 3327 377 3395 pertlnent3
395 3324 472 3376 etiam
489 3325 575 3393 opinio
594 3326 754 3392 quorundam
772 3325 866 3389 extitit,
878 3324 990 3377 futuram
1009 3340 1066 3378 esse
1083 3325 1270 3378 restitutionem
1288 3325 1396 3376 domuu-

234 3421 319 3465 torum
337 3410 439 3481 legibus
457 3409 591 3475 Corneliis,
609 3413 681 3464 euius
695 3413 710 3477 ξ
724 3413 756 3465 10
774 3413 869 3465 mentio
887 3411 929 3476 fit;
948 3429 1007 3464 nam
1025 3429 1084 3466 vere
1102 3414 1228 3466 neminem
1247 3427 1305 3465 esse
1321 3413 1396 3465 resti·

236 3502 322 3552 tutum
340 3501 449 3553 consui.
475 3499 533 3552 Hoc
546 3503 709 3552 accesserunt
726 3500 834 3569 denique
847 3500 875 3553 P.
889 3500 992 3553 Servilii
1001 3500 1206 3569 collegarumque
1215 3501 1270 3553 eins
1280 3504 1395 3564 conatus,

235 3586 279 3655 qui
297 3584 410 3654 reliquas
428 3587 634 3655 perturbationes
654 3587 819 3652 adiuverunt,
837 3591 866 3640 nt
883 3588 995 3657 irnperio
1013 3603 1043 3640 ac
1060 3604 1142 3656 reque
1159 3587 1210 3640 sibi
1231 3588 1395 3656 quaererent;

234 3672 283 3726 hoc
301 3670 372 3724 enim
389 3669 478 3723 (licere
497 3671 632 3725 consilium
650 3687 695 3726 eos
713 3673 807 3725 habere
825 3672 893 3725 infra
910 3673 925 3737 ξ
945 3674 976 3726 15
995 3671 1131 3741 significat.
1163 3672 1211 3724 llis
1234 3672 1310 3724 rebus
1329 3673 1395 3725 acci·

234 3758 316 3821 derat,
334 3759 364 3808 ut
376 3755 445 3822 ficies
463 3756 494 3809 cle
507 3756 570 3823 foro
587 3757 721 3810 tolleretur
738 3759 755 3810 i.
775 3774 796 3811 o.
815 3760 844 3810 ot
861 3757 1012 3811 fides-esset
1024 3759 1134 3826 angusta
1151 3771 1199 3808 nec
1217 3754 1293 3808 facile
1305 3773 1394 3826 argen-

234 3843 296 3896 tarii
316 3843 453 3912 pecuniam
476 3841 616 3895 crederent.
662 3843 717 3895 Nos
743 3859 810 3896 nunc
828 3843 934 3896 bursam
958 3846 1045 3896 nestro
1069 3845 1184 3909 tempore
1203 3840 1319 3895 dicamus
1337 3858 1393 3897 esse

234 3929 412 4000 perterritam
431 3932 458 3982 at
466 3929 563 3983 Romae
581 3947 638 3984 cum
653 3932 791 3998 argentarii
808 3931 834 3982 in
847 3931 903 3984 foro
914 3930 1032 3982 tabernas
1049 3928 1174 3981 haberent
1192 3931 1268 3998 'atque
1280 3930 1404 3983 emnium

234 4016 366 4071 hominum
385 4017 630 4085 commerciumper
642 4018 800 4087 argentarios
822 4017 903 4081 fieret,
924 4017 1008 4070 iorum
1026 4014 1212 4068 nominabatur.
1239 4014 1293 4068 lam
1310 4017 1393 4069 iorum

233 4106 393 4174 quantopere
410 4104 497 4156 subito
516 4104 634 4157 instituto
652 4119 731 4172 regno
749 4106 911 4158 concutiatur
928 4105 1048 4172 apparet,
1065 4102 1111 4154 sed
1127 4106 1301 4156 commoretur
1317 4103 1392 4156 etiam

232 4189 390 4259 suspicione,
408 4205 467 4242 oum
481 4189 600 4264 ingruere
619 4189 730 4258 aliquam
752 4190 923 4243 calamitatem
942 4187 1081 4240 existimat.
1118 4186 1202 4251 Quare
1219 4187 1394 4254 improbamus

233 4266 388 4329 Gebhardtii
411 4275 541 4327 observat.
563 4275 620 4327 crit.
642 4275 669 4326 io
687 4273 739 4328 Cio.
764 4278 828 4328 orat.
847 4273 954 4342 delego
973 4273 1075 4340 agraria
1091 4271 1114 4323 ll
1130 4288 1155 4339 p.
1173 4271 1190 4325 3
1212 4274 1393 4341 coniecturam,

232 4362 277 4431 qni
295 4361 376 4415 scribi
393 4360 465 4414 iubet
483 4362 629 4431 suspicione
647 4379 679 4414 oc
696 4368 778 4427 metri,
796 4361 870 4429 quasi
888 4359 956 4426 quod
974 4375 1052 4427 saepe
1070 4376 1086 4411 a
1102 4357 1225 4412 Cicerone
1243 4363 1394 4428 cumuletur,

232 4450 283 4505 hoc
301 4464 404 4519 quoque
423 4450 480 4504 loco
498 4450 620 4518 coniungi
637 4465 741 4502 necesse
759 4451 802 4502 sit.
838 4451 873 4503 At
890 4465 941 4502 uno
959 4465 987 4502 se
1010 4449 1172 4503 substantivo
1190 4464 1265 4502 usum
1282 4463 1339 4501 esse
1356 4450 1394 4501 in·

232 4537 302 4590 dicat
319 4534 399 4605 paulo
419 4538 487 4604 post,
505 4535 550 4587 ubi
567 4533 616 4588 line
634 4535 773 4603 respiciens
792 4535 840 4587 ait:
859 4551 925 4602 price
943 4551 1000 4587 curn
1017 4551 1063 4604 epo
1081 4534 1225 4587 nouaclum
1237 4533 1393 4602 suspicarer,

232 4623 374 4678 acutiorem
396 4638 425 4676 se
449 4623 507 4701 ipso
523 4622 579 4676 ior'o
598 4623 678 4676 inisse
696 4622 852 4689 significans.
886 4623 941 4675 Nec
964 4623 987 4676 si
1008 4626 1077 4675 recte
1098 4622 1176 4675 verba
1194 4619 1393 4687 distinguantur,

231 4710 369 4780 quiequam
388 4709 477 4763 deesse
494 4711 631 4764 ridebitur.

1159 4793 1193 4847 3*
