3550 5492
767 599 1003 666 -131-

308 763 416 848 Capua
442 762 578 827 multtum
605 769 652 828 est
673 769 705 827 et
731 763 786 827 din
808 763 998 827 consultum:
1027 767 1135 827 extum
1161 764 1296 844 litterae,
1319 763 1463 843 Quirites,

307 866 467 952 publicae:
496 872 572 930 sunt
592 871 718 929 senatus
743 865 886 931 consulta
911 863 1077 948 complura.
1121 864 1303 928 Statuerunt
1322 864 1463 931 homiues

306 969 473 1054 sapientes,
496 969 524 1033 si
545 989 653 1051 agrum
676 969 843 1053 Campanis
863 969 1059 1050 ademissent,
1081 968 1289 1052 magistratus,
1311 977 1463 1055 senatum,
1484 1032 1489 1040 .

306 1071 467 1158 publicum
496 1093 535 1136 ex
561 1071 617 1134 illa
643 1072 719 1136 urbe
745 1071 909 1137 consilinm
936 1070 1149 1152 sustulissent,
1171 1071 1338 1152 imaginem
1359 1073 1464 1159 reipu-

307 1174 408 1241 blicae
430 1174 549 1241 nnllam
579 1176 786 1259 reliquissent,
808 1174 890 1239 nihil
917 1176 981 1239 fore
1009 1174 1090 1258 qnod
1113 1173 1252 1258 Capuam
1275 1174 1466 1241 timeremus.

309 1277 419 1362 ltaque
441 1278 498 1343 hoc
520 1279 727 1364 perscriptum
748 1278 783 1342 in
804 1278 1016 1342 monumentis
1044 1277 1199 1343 veteribus
1226 1277 1404 1362 reperietis,
1430 1286 1467 1344 ut

338 1437 342 1441 '
393 1440 426 1481 88.
439 1442 477 1482 oss
490 1444 637 1484 mmultcturn
651 1462 676 1474 ··
688 1443 847 1491 maalrbatsm,
862 1440 982 1493 [renatum]
995 1442 1120 1505 publicum.¹

305 1587 332 1640 p.
349 1570 408 1639 Lig.
428 1571 470 1636 13,
487 1543 523 1625 3'8
539 1589 592 1624 non
609 1571 696 1624 dubito
713 1599 747 1608 —
765 1572 828 1638 quin
845 1587 872 1625 se
889 1572 972 1640 napis
990 1571 1068 1625 etiam
1085 1571 1198 1625 erexerit
1214 1571 1247 1623 ab
1264 1569 1381 1639 munique
1398 1568 1467 1631 tolli·
1540 1575 1544 1581 ’

308 1655 426 1710 &tudine
443 1656 610 1710 abstraxerit.
652 1653 689 1709 At
706 1658 807 1726 err'pem
829 1673 856 1710 se
878 1661 919 1711 est
940 1657 1009 1726 quod
1026 1642 1200 1726 consequitirt,
1213 1659 1249 1710 *si
1273 1659 1330 1726 quie
1351 1662 1467 1728 exurgat,

307 1744 338 1794 ut
355 1755 385 1794 se
401 1741 502 1806 liberet,
520 1759 553 1795 ex
574 1744 682 1812 imperio
706 1744 807 1811 eripiat.
843 1742 882 1796 (11.
901 1742 974 1797 Caes.
991 1734 1051 1796 bess.
1070 1742 1336 1812 Gall.1,4pereos
1356 1760 1388 1798 ne
1407 1761 1468 1797 cau·

306 1842 364 1878 eaeo
381 1827 479 1881 diceret
494 1845 522 1881 se
538 1830 642 1898 crepuit.

396 1912 438 1967 88.
457 1915 608 1966 consultum
644 1913 852 1985 Conservandnm
870 1930 928 1968 esse
945 1915 1111 1980 hocconseo,
1129 1917 1197 1985 qued
1213 1918 1241 1969 iu
1259 1917 1379 1970 omnibns
1394 1917 1466 1970 libris

309 2013 358 2052 ms.
378 2005 433 2062 est,
454 2015 501 2052 nec
523 1999 697 2068 recipiendam
713 2001 833 2054 Lambini
853 2000 1058 2054 emendationem
1080 2002 1258 2056 consultatum.
1293 2002 1361 2055 Nam
1378 2005 1401 2056 si
1419 2004 1467 2056 ire

308 2085 486 2152 quentatirnm
505 2102 582 2155 saepe
599 2090 640 2140 est
656 2088 673 2138 i.
683 2103 707 2155 q.
726 2086 876 2151 deliberare,
894 2103 940 2140 cnr
957 2103 1009 2140 non
1028 2088 1063 2140 sit
1080 2087 1190 2155 simplex
1206 2089 1330 2141 verbum?
1356 2089 1396 2142 Ac
1408 2103 1468 2142 con-

308 2174 368 2225 stal.
379 2173 417 2235 ita
434 2175 554 2242 usurpari
571 2173 641 2242 apud
657 2174 767 2238 Livium,
786 2173 922 2227 Gaesarem
940 2173 1010 2238 (bell.
1029 2173 1097 2228 Gall.
1108 2172 1227 2238 Vu383),
1244 2189 1323 2243 qnare
1341 2175 1418 2228 etiarn
1436 2175 1468 2228 de

308 2256 446 2324 (lieerone,
473 2261 589 2329 quamuis
612 2261 703 2314 similis
727 2261 782 2313 eins
808 2259 882 2313 locus
908 2259 994 2313 afferri
1020 2263 1144 2328 nequeat,
1170 2260 1246 2312 facile
1270 2259 1413 2314 credemus.
1434 2288 1468 2299 -

308 2344 413 2398 litterae
428 2345 560 2414 publicae.
595 2346 663 2400 Acta
683 2337 880 2414 magistratuum
902 2345 1032 2412 intelligo,
1053 2346 1131 2398 etiam
1148 2345 1341 2413 populiscitum‚
1363 2347 1413 2398 etsi
1435 2345 1467 2399 de

309 2445 340 2484 ee
357 2445 411 2483 non
435 2435 562 2485 narratur.
601 2432 653 2485 Sed
674 2439 838 2485 monumenta
860 2433 950 2484 aetna
971 2431 1048 2499 paulo
1073 2435 1133 2498 post
1154 2430 1217 2485 dicit
1238 2432 1344 2485 annues
1367 2435 1466 2485 veteres

307 2517 514 2585 scriptorumque
532 2519 564 2570 de
586 2519 663 2571 rebus
680 2519 804 2570 Romanis
825 2518 956 2570 historias.
990 2515 1080 2568 Veluti
1095 2516 1184 2570 Livius
1207 2517 1240 2569 de
1258 2517 1375 2586 Oapnae,
1397 2521 1467 2585 post

311 2618 389 2671 quam
414 2602 483 2655 bello
507 2603 606 2656 Punice
630 2603 711 2655 altero
735 2620 751 2653 a
772 2604 895 2654 Romanis
919 2606 1070 2677 recuperata
1091 2604 1144 2665 est,
1168 2603 1267 2657 excidio
1287 2605 1351 2661 haec
1371 2611 1467 2673 narrat,

309 2687 368 2743 libr.
387 2687 487 2752 XXVI,
507 2689 547 2752 16,
565 2704 630 2756 quae
647 2687 778 2756 praeclare
796 2687 865 2740 hunc
881 2687 968 2740 locum
984 2687 1129 2741 illustrant:
1148 2687 1262 2741 Dearbe
1278 2707 1391 2760 aqroque
1408 2695 1468 2747 reli·

311 2791 362 2841 qua
386 2773 540 2825 consultatio
557 2773 627 2840 suit,
650 2771 802 2839 quibusdam
826 2771 961 2824 delendam
984 2770 1142 2822 censentibus
1168 2771 1256 2824 urbem
1275 2777 1467 2842 praevalidam,

308 2855 495 2930 propinquam,
512 2860 653 2913 inimicam.
682 2857 799 2912 Ceterum
811 2875 939 2926 praesens
956 2858 1057 2910 utilitas
1074 2857 1150 2921 victu·
1166 2875 1228 2910 naon
1240 2867 1351 2928 propter
1367 2878 1467 2928 aprum

311 2962 385 3015 poem
402 2946 472 2998 omn-i
482 2944 624 3012 fertilitate
643 2951 728 2996 terrae
745 2943 810 2995 satas
828 2941 963 2996 constabat
975 2943 1091 3010 primum
1107 2942 1136 2992 in
1153 2941 1235 3022 Italia
1253 2959 1320 3006 csse,
1337 2944 1398 2998 urbs
1416 2961 1468 2998 scr·

311 3037 374 3083 cata
391 3037 437 3092 est,
453 3036 484 3081 ut
500 3035 565 3082 esset
582 3029 673 3096 aliqua
691 3034 827 3084 aratorum
843 3027 930 3079 sedes.-
946 3025 1007 3077 urbi
1016 3024 1226 3093 frequentandae
1247 3028 1382 3081 multitudo
1399 3030 1469 3083 ineo·

312 3114 398 3168 mma
415 3113 640 3180 libertinorumque
658 3111 847 3164 stinatianam
864 3110 1032 3178 opificumque
1049 3116 1162 3162 retenta.-
1179 3126 1243 3180 aqsr
1260 3112 1342 3164 omnis
1359 3121 1386 3166 et
1401 3122 1469 3168 tecta

308 3201 417 3270 publica
430 3201 526 3270 populi
541 3199 657 3252 Romani
666 3198 753 3267 sacta.
790 3196 908 3251 &mrum
924 3196 1040 3249 babituri
1056 3203 1155 3249 tantum
1173 3205 1304 3265 tamquam
1319 3198 1407 3252 urbem
1420 3199 1468 3254 Ga·

308 3303 392 3356 mam
403 3285 619 3354 frequentarique
635 3286 749 3354 placuit.-
760 3301 860 3353 ,empus
877 3284 977 3336 nullum
993 3284 1109 3336 ciuitatis
1128 3301 1176 3337 nee
1195 3292 1298 3339 renatae
1320 3303 1368 3340 nec
1384 3287 1469 3357 plebis

312 3373 450 3427 masiliam
466 3389 513 3425 nec
530 3373 699 3441 maqastratus
717 3387 784 3424 esse:
806 3373 862 3424 sine
885 3371 993 3424 coneilio
1009 3370 1124 3439 publico,
1147 3372 1202 3424 eine
1224 3373 1333 3441 imperio
1355 3375 1469 3427 multitu

312 3459 406 3522 umen,
422 3459 520 3512 nullius
536 3459 578 3512 rei
594 3460 705 3511 interae
723 3458 828 3520 sociam,
846 3457 883 3508 ad
900 3473 1049 3510 eonsensum
1065 3456 1204 3510 inbabilcm
1214 3457 1290 3526 sore.-
1306 3461 1469 3528 praesectum

312 3545 431 3599 adiuro
456 3546 589 3599 reddertda
614 3544 647 3597 ab
663 3544 749 3598 Ronra
772 3544 910 3612 quotannis
936 3544 1067 3596 missuros.
1112 3542 1176 3596 (lum
1199 3544 1291 3611 quibus
1314 3546 1469 3599 conferenda
1543 3582 1546 3586 -

313 3634 383 3695 eunt,
403 3646 469 3698 qnae
486 3647 565 3701 supra
582 3635 647 3685 orat.
665 3632 686 3695 Ι,
704 3632 729 3694 6,
749 3631 781 3683 19
800 3631 870 3683 dicit.
904 3629 1065 3681 Praefectum
1083 3632 1167 3681 autem
1184 3629 1270 3694 illum,
1289 3646 1364 3699 quern
1380 3631 1468 3685 Livius

313 3721 507 3781 commemrat,
530 3721 634 3771 constat
654 3717 734 3770 inisse
755 3725 835 3769 nnnm
852 3731 885 3768 ex
902 3715 1001 3768 IVviris
1019 3716 1047 3767 in
1064 3714 1242 3782 (lampuniam,
1266 3717 1310 3783 qui
1331 3719 1469 3784 quotannis

312 3803 444 3872 apopnln
455 3804 572 3857 Romano
588 3804 694 3868 fiebant,
710 3819 775 3872 quae
793 3802 918 3870 equestris
935 3801 986 3853 tuit
998 3801 1110 3869 dignitas
1122 3801 1253 3868 primaque
1269 3801 1468 3856 adolescentium

311 3889 463 3954 illustrium
484 3906 544 3942 nam
560 3891 617 3958 pari
639 3906 696 3943 cnm
714 3888 803 3957 Gapua
823 3889 878 3940 inre
902 3887 953 3938 alia
970 3885 1096 3954 quaedam
1113 3885 1268 3954 Campaniae
1291 3888 1387 3956 oppida
1409 3904 1469 3942 con·

313 3975 408 4029 stitnta
424 3979 493 4038 snut,
510 3976 556 4028 sed
573 3976 748 4029 nobilissimae
765 3975 827 4028 olim
844 3973 915 4025 urbis
933 3972 1020 4025 clades
1037 3973 1147 4025 maxime
1170 3973 1321 4026 celebratur.
1354 3974 1470 4028 Fuerunt

314 4063 410 4125 antem,
425 4062 470 4128 qui
486 4061 532 4114 illo
548 4061 615 4114 Livii
631 4060 698 4125 loce,
719 4076 793 4128 quem
817 4060 906 4123 attuli,
928 4060 1107 4123 abuterentur,
1128 4062 1158 4112 ut
1179 4059 1332 4113 vocabulum
1354 4067 1470 4113 senatun

312 4149 445 4214 tamqnam
462 4161 682 4214 supervacaneum
699 4149 776 4214 atque
791 4146 824 4199 ab
841 4146 947 4200 librario
966 4146 1032 4198 male
1048 4146 1172 4198 insertum
1195 4147 1324 4200 eiicerent.
1359 4147 1412 4200 Sed
1429 4147 1470 4201 Gi-

313 4246 372 4285 cero
391 4247 439 4299 per
456 4232 551 4300 gradm
568 4232 694 4302 quosdam
711 4249 727 4283 a
744 4232 841 4284 minore
859 4232 893 4285 ad
909 4233 1008 4285 maiora
1029 4233 1153 4286 ascendit.
1188 4232 1302 4286 Possunt
1323 4234 1392 4286 enim
1409 4231 1475 4286 civi·'

313 4319 382 4371 tates
399 4318 595 4387 magistratibus
606 4322 708 4371 tantum
720 4333 814 4382 carere,
832 4333 882 4386 quo
900 4333 934 4371 ex
950 4333 1042 4386 genere
1060 4333 1125 4385 qnae
1142 4319 1320 4386 praetenturae
1338 4320 1471 4388 appellan-

315 4406 359 4461 tur
376 4405 446 4467 snut,
465 4403 592 4456 severiore
609 4404 665 4456 iure
682 4405 802 4466 utuntur,
824 4403 847 4455 si
864 4403 958 4471 quibus
975 4405 1081 4456 senatus
1099 4404 1153 4454 sive
1175 4403 1326 4459 decuriones
1344 4421 1394 4458 non
1412 4421 1472 4459 con·

315 4487 453 4542 ceduntur:
469 4504 577 4557 prorsus
594 4504 655 4542 vero
673 4488 808 4542 mditionis
824 4491 961 4556 suspectae
978 4491 1053 4551 sunt,
1074 4489 1168 4556 quibus
1186 4506 1239 4543 non
1255 4492 1331 4545 modo
1348 4493 1402 4557 illa,
1420 4508 1472 4546 non

316 4574 393 4629 modo
410 4574 495 4643 plebis
511 4577 610 4641 concio,
627 4574 674 4648 sed
694 4575 794 4628 nullum
810 4574 945 4644 publicum
967 4573 1103 4626 canalium
1123 4576 1280 4642 permittitur
1295 4578 1314 4628 i.
1330 4594 1353 4631 e.
1371 4595 1404 4631 ne
1421 4578 1471 4631 col·

315 4658 385 4731 legis
400 4661 505 4732 qnidam
525 4663 698 4732 opificumque
714 4661 851 4727 muna,
873 4676 940 4730 qnae
955 4659 1059 4728 publice
1076 4661 1218 4717 aucun
1234 4661 1396 4730 publicorum
1412 4679 1474 4718 con·
