<?xml version="1.0" encoding="UTF-8"?>
<!DOCTYPE html PUBLIC "-//W3C//DTD XHTML 1.0 Transitional//EN"
    "http://www.w3.org/TR/xhtml1/DTD/xhtml1-transitional.dtd">
<html xmlns="http://www.w3.org/1999/xhtml" xml:lang="en" lang="en">
 <head>
  <title>
</title>
<meta http-equiv="Content-Type" content="text/html;charset=utf-8" />
  <meta name='ocr-system' content='tesseract 3.04.00' />
  <meta name='ocr-capabilities' content='ocr_page ocr_carea ocr_par ocr_line ocrx_word'/>
</head>
<body>
  <div class='ocr_page' id='page_1' title='image "./orationestresde00cicegoog/orationestresde00cicegoog_0052.png"; bbox 0 0 3550 5492; ppageno 0'>
   <div class='ocr_carea' id='block_1_1' title="bbox 784 612 996 675">
    <p class='ocr_par' dir='ltr' id='par_1_1' title="bbox 784 612 996 675">
     <span class='ocr_line' id='line_1_1' title="bbox 784 612 996 675; baseline -0.005 -15"><span class='ocrx_word' id='word_1_1' title='bbox 784 612 996 675; x_wconf 69' lang='lat'>„12-</span> 
     </span>
    </p>
   </div>
   <div class='ocr_carea' id='block_1_2' title="bbox 225 773 1471 1893">
    <p class='ocr_par' dir='ltr' id='par_1_2' title="bbox 288 773 1471 1480">
     <span class='ocr_line' id='line_1_2' title="bbox 313 773 1470 864; baseline 0.008 -29"><span class='ocrx_word' id='word_1_2' title='bbox 313 773 550 856; x_wconf 86' lang='lat' dir='ltr'>diligentissime</span> <span class='ocrx_word' id='word_1_3' title='bbox 565 775 674 857; x_wconf 86' lang='lat' dir='ltr'>sancit,</span> <span class='ocrx_word' id='word_1_4' title='bbox 695 782 740 858; x_wconf 87' lang='lat' dir='ltr'>ut,</span> <span class='ocrx_word' id='word_1_5' title='bbox 763 776 843 862; x_wconf 91' lang='lat' dir='ltr'>quod</span> <span class='ocrx_word' id='word_1_6' title='bbox 858 775 988 862; x_wconf 90' lang='lat' dir='ltr'>quisque</span> <span class='ocrx_word' id='word_1_7' title='bbox 1004 774 1168 860; x_wconf 92' lang='lat' dir='ltr'>imperator</span> <span class='ocrx_word' id='word_1_8' title='bbox 1183 777 1294 842; x_wconf 87' lang='lat' dir='ltr'>habeat</span> <span class='ocrx_word' id='word_1_9' title='bbox 1309 778 1470 864; x_wconf 88' lang='lat' dir='ltr'>pecuniae,</span> 
     </span>
     <span class='ocr_line' id='line_1_3' title="bbox 311 878 1470 967; baseline 0.003 -24"><span class='ocrx_word' id='word_1_10' title='bbox 311 878 451 962; x_wconf 87' lang='lat' dir='ltr'>protinus</span> <span class='ocrx_word' id='word_1_11' title='bbox 474 879 514 942; x_wconf 93' lang='lat' dir='ltr'>ad</span> <span class='ocrx_word' id='word_1_12' title='bbox 525 879 636 944; x_wconf 80' lang='lat' dir='ltr'>Xuiros</span> <span class='ocrx_word' id='word_1_13' title='bbox 660 882 785 948; x_wconf 87' lang='lat' dir='ltr'>deferat.</span> <span class='ocrx_word' id='word_1_14' title='bbox 821 882 880 946; x_wconf 92' lang='lat' dir='ltr'>Hic</span> <span class='ocrx_word' id='word_1_15' title='bbox 902 887 1006 947; x_wconf 89' lang='lat' dir='ltr'>tamen</span> <span class='ocrx_word' id='word_1_16' title='bbox 1029 881 1142 966; x_wconf 84' lang='lat' dir='ltr'>excipit</span> <span class='ocrx_word' id='word_1_17' title='bbox 1153 882 1344 967; x_wconf 90' lang='lat' dir='ltr'>Pompeium,</span> <span class='ocrx_word' id='word_1_18' title='bbox 1368 881 1470 947; x_wconf 91' lang='lat' dir='ltr'>simil·</span> 
     </span>
     <span class='ocr_line' id='line_1_4' title="bbox 310 981 1471 1068; baseline 0.004 -24"><span class='ocrx_word' id='word_1_19' title='bbox 310 981 400 1061; x_wconf 88' lang='lat' dir='ltr'>lime,</span> <span class='ocrx_word' id='word_1_20' title='bbox 430 986 466 1045; x_wconf 92' lang='lat' dir='ltr'>ut</span> <span class='ocrx_word' id='word_1_21' title='bbox 493 981 572 1045; x_wconf 91' lang='lat' dir='ltr'>mihi</span> <span class='ocrx_word' id='word_1_22' title='bbox 593 983 725 1065; x_wconf 87' lang='lat' dir='ltr'>videtur,</span> <span class='ocrx_word' id='word_1_23' title='bbox 748 988 840 1068; x_wconf 89' lang='lat' dir='ltr'>atque</span> <span class='ocrx_word' id='word_1_24' title='bbox 869 990 904 1048; x_wconf 87' lang='lat' dir='ltr'>ut</span> <span class='ocrx_word' id='word_1_25' title='bbox 932 983 988 1047; x_wconf 93' lang='lat' dir='ltr'>illa</span> <span class='ocrx_word' id='word_1_26' title='bbox 1008 983 1089 1067; x_wconf 89' lang='lat' dir='ltr'>lege,</span> <span class='ocrx_word' id='word_1_27' title='bbox 1112 1005 1173 1068; x_wconf 89' lang='lat' dir='ltr'>qua</span> <span class='ocrx_word' id='word_1_28' title='bbox 1193 983 1348 1068; x_wconf 88' lang='lat' dir='ltr'>peregrini</span> <span class='ocrx_word' id='word_1_29' title='bbox 1370 982 1471 1049; x_wconf 89' lang='lat' dir='ltr'>Roma</span> 
     </span>
     <span class='ocr_line' id='line_1_5' title="bbox 312 1083 1470 1174; baseline 0.007 -28"><span class='ocrx_word' id='word_1_30' title='bbox 312 1083 487 1166; x_wconf 86' lang='lat' dir='ltr'>eiiciuntur,</span> <span class='ocrx_word' id='word_1_31' title='bbox 504 1085 693 1172; x_wconf 80' lang='lat' dir='ltr'>Glaucippus</span> <span class='ocrx_word' id='word_1_32' title='bbox 712 1089 872 1173; x_wconf 79' lang='lat' dir='ltr'>excipitur.</span> <span class='ocrx_word' id='word_1_33' title='bbox 910 1088 980 1152; x_wconf 92' lang='lat' dir='ltr'>Non</span> <span class='ocrx_word' id='word_1_34' title='bbox 1002 1088 1086 1163; x_wconf 88' lang='lat' dir='ltr'>enim</span> <span class='ocrx_word' id='word_1_35' title='bbox 1108 1089 1165 1153; x_wconf 93' lang='lat' dir='ltr'>hac</span> <span class='ocrx_word' id='word_1_36' title='bbox 1185 1089 1363 1174; x_wconf 81' lang='lat' dir='ltr'>exceptione</span> <span class='ocrx_word' id='word_1_37' title='bbox 1387 1111 1470 1154; x_wconf 89' lang='lat' dir='ltr'>unus</span> 
     </span>
     <span class='ocr_line' id='line_1_6' title="bbox 312 1186 1469 1277; baseline 0.007 -27"><span class='ocrx_word' id='word_1_38' title='bbox 312 1186 444 1252; x_wconf 86' lang='lat' dir='ltr'>afficitur</span> <span class='ocrx_word' id='word_1_39' title='bbox 466 1189 621 1272; x_wconf 89' lang='lat' dir='ltr'>beneficio,</span> <span class='ocrx_word' id='word_1_40' title='bbox 644 1192 697 1255; x_wconf 90' lang='lat' dir='ltr'>sed</span> <span class='ocrx_word' id='word_1_41' title='bbox 719 1213 801 1257; x_wconf 88' lang='lat' dir='ltr'>unus</span> <span class='ocrx_word' id='word_1_42' title='bbox 824 1192 963 1277; x_wconf 85' lang='lat' dir='ltr'>privatur</span> <span class='ocrx_word' id='word_1_43' title='bbox 985 1192 1110 1257; x_wconf 89' lang='lat' dir='ltr'>iniuria.</span> <span class='ocrx_word' id='word_1_44' title='bbox 1148 1193 1209 1258; x_wconf 85' lang='lat' dir='ltr'>Sed</span> <span class='ocrx_word' id='word_1_45' title='bbox 1230 1193 1280 1258; x_wconf 91' lang='lat' dir='ltr'>cui</span> <span class='ocrx_word' id='word_1_46' title='bbox 1301 1193 1469 1258; x_wconf 82' lang='lat' dir='ltr'>manubias</span> 
     </span>
     <span class='ocr_line' id='line_1_7' title="bbox 288 1289 1467 1380; baseline 0.005 -27"><span class='ocrx_word' id='word_1_47' title='bbox 288 1289 450 1375; x_wconf 81' lang='lat' dir='ltr'>remittit,</span> <span class='ocrx_word' id='word_1_48' title='bbox 473 1290 507 1354; x_wconf 95' lang='lat' dir='ltr'>in</span> <span class='ocrx_word' id='word_1_49' title='bbox 529 1291 621 1355; x_wconf 92' lang='lat' dir='ltr'>huius</span> <span class='ocrx_word' id='word_1_50' title='bbox 642 1293 805 1377; x_wconf 88' lang='lat' dir='ltr'>vectigalia</span> <span class='ocrx_word' id='word_1_51' title='bbox 830 1292 959 1357; x_wconf 88' lang='lat' dir='ltr'>invadit.</span> <span class='ocrx_word' id='word_1_52' title='bbox 1008 1294 1097 1357; x_wconf 92' lang='lat' dir='ltr'>Iubet</span> <span class='ocrx_word' id='word_1_53' title='bbox 1124 1295 1208 1359; x_wconf 91' lang='lat' dir='ltr'>enim</span> <span class='ocrx_word' id='word_1_54' title='bbox 1235 1294 1419 1380; x_wconf 90' lang='lat' dir='ltr'>pecuniam,</span> <span class='ocrx_word' id='word_1_55' title='bbox 1442 1295 1467 1360; x_wconf 91' lang='lat' dir='ltr'>si</span> 
     </span>
     <span class='ocr_line' id='line_1_8' title="bbox 312 1393 1470 1480; baseline 0.005 -25"><span class='ocrx_word' id='word_1_56' title='bbox 312 1412 373 1475; x_wconf 92' lang='lat' dir='ltr'>qua</span> <span class='ocrx_word' id='word_1_57' title='bbox 394 1397 464 1476; x_wconf 88' lang='lat' dir='ltr'>post</span> <span class='ocrx_word' id='word_1_58' title='bbox 489 1413 543 1456; x_wconf 92' lang='lat' dir='ltr'>nos</span> <span class='ocrx_word' id='word_1_59' title='bbox 569 1393 710 1458; x_wconf 81' lang='lat' dir='ltr'>consides</span> <span class='ocrx_word' id='word_1_60' title='bbox 738 1415 776 1457; x_wconf 81' lang='lat' dir='ltr'>ex</span> <span class='ocrx_word' id='word_1_61' title='bbox 804 1394 1114 1477; x_wconf 71' lang='lat' dir='ltr'>novis-&#39;vectigalibus</span> <span class='ocrx_word' id='word_1_62' title='bbox 1136 1395 1317 1480; x_wconf 80' lang='lat' dir='ltr'>recipiatur,</span> <span class='ocrx_word' id='word_1_63' title='bbox 1340 1398 1401 1461; x_wconf 88' lang='lat' dir='ltr'>hac</span> <span class='ocrx_word' id='word_1_64' title='bbox 1423 1398 1470 1462; x_wconf 90' lang='lat' dir='ltr'>uti</span> 
     </span>
    </p>

    <p class='ocr_par' dir='ltr' id='par_1_3' title="bbox 225 1487 1469 1582">
     <span class='ocr_line' id='line_1_9' title="bbox 225 1487 1469 1582; baseline 0.005 -25"><span class='ocrx_word' id='word_1_65' title='bbox 225 1491 229 1498; x_wconf 80' lang='grc'><strong><em>’</em></strong></span> <span class='ocrx_word' id='word_1_66' title='bbox 262 1529 265 1535; x_wconf 86' lang='grc'><strong><em>·</em></strong></span> <span class='ocrx_word' id='word_1_67' title='bbox 310 1493 430 1559; x_wconf 83' lang='lat' dir='ltr'>Xuiros.</span> <span class='ocrx_word' id='word_1_68' title='bbox 475 1495 569 1570; x_wconf 84' lang='lat' dir='ltr'>Quasi</span> <span class='ocrx_word' id='word_1_69' title='bbox 591 1516 662 1559; x_wconf 88' lang='lat' dir='ltr'>vero</span> <span class='ocrx_word' id='word_1_70' title='bbox 690 1517 752 1559; x_wconf 94' lang='lat' dir='ltr'>non</span> <span class='ocrx_word' id='word_1_71' title='bbox 779 1487 989 1578; x_wconf 86' lang='lat' dir='ltr'>intelligamus</span> <span class='ocrx_word' id='word_1_72' title='bbox 1013 1496 1088 1560; x_wconf 90' lang='lat' dir='ltr'>haec</span> <span class='ocrx_word' id='word_1_73' title='bbox 1110 1517 1160 1560; x_wconf 90' lang='lat' dir='ltr'>eos</span> <span class='ocrx_word' id='word_1_74' title='bbox 1187 1498 1364 1580; x_wconf 88' lang='lat' dir='ltr'>vectigalia,</span> <span class='ocrx_word' id='word_1_75' title='bbox 1390 1520 1469 1582; x_wconf 89' lang='lat' dir='ltr'>quae</span> 
     </span>
    </p>

    <p class='ocr_par' dir='ltr' id='par_1_4' title="bbox 310 1598 1113 1683">
     <span class='ocr_line' id='line_1_10' title="bbox 310 1598 1113 1683; baseline 0 -21"><span class='ocrx_word' id='word_1_76' title='bbox 310 1598 397 1662; x_wconf 92' lang='lat' dir='ltr'>nobis</span> <span class='ocrx_word' id='word_1_77' title='bbox 419 1598 584 1683; x_wconf 93' lang='lat' dir='ltr'>Pompeius</span> <span class='ocrx_word' id='word_1_78' title='bbox 607 1598 793 1681; x_wconf 80' lang='lat' dir='ltr'>adiunxerit,</span> <span class='ocrx_word' id='word_1_79' title='bbox 817 1600 948 1663; x_wconf 87' lang='lat' dir='ltr'>vendere</span> <span class='ocrx_word' id='word_1_80' title='bbox 973 1600 1113 1682; x_wconf 90' lang='lat' dir='ltr'>cogitare.</span> 
     </span>
    </p>

    <p class='ocr_par' dir='ltr' id='par_1_5' title="bbox 226 1700 1470 1893">
     <span class='ocr_line' id='line_1_11' title="bbox 226 1700 1468 1787; baseline 0.005 -25"><span class='ocrx_word' id='word_1_81' title='bbox 226 1721 258 1787; x_wconf 66' lang='lat' dir='ltr'>v,</span> <span class='ocrx_word' id='word_1_82' title='bbox 269 1723 302 1775; x_wconf 84' lang='lat'>14</span> <span class='ocrx_word' id='word_1_83' title='bbox 395 1700 515 1764; x_wconf 87' lang='lat' dir='ltr'>Videtis</span> <span class='ocrx_word' id='word_1_84' title='bbox 544 1701 622 1782; x_wconf 91' lang='lat' dir='ltr'>iam,</span> <span class='ocrx_word' id='word_1_85' title='bbox 655 1707 756 1785; x_wconf 91' lang='lat' dir='ltr'>patres</span> <span class='ocrx_word' id='word_1_86' title='bbox 786 1700 967 1785; x_wconf 77' lang='lat' dir='ltr'>conscripti,</span> <span class='ocrx_word' id='word_1_87' title='bbox 1001 1701 1143 1766; x_wconf 90' lang='lat' dir='ltr'>omnibus</span> <span class='ocrx_word' id='word_1_88' title='bbox 1177 1703 1269 1766; x_wconf 89' lang='lat' dir='ltr'>rebus</span> <span class='ocrx_word' id='word_1_89' title='bbox 1302 1709 1333 1766; x_wconf 91' lang='lat' dir='ltr'>et</span> <span class='ocrx_word' id='word_1_90' title='bbox 1365 1704 1468 1768; x_wconf 91' lang='lat' dir='ltr'>modis</span> 
     </span>
     <span class='ocr_line' id='line_1_12' title="bbox 311 1803 1470 1893; baseline 0.003 -26"><span class='ocrx_word' id='word_1_91' title='bbox 311 1809 517 1869; x_wconf 88' lang='lat' dir='ltr'>constructam</span> <span class='ocrx_word' id='word_1_92' title='bbox 546 1808 638 1887; x_wconf 89' lang='lat' dir='ltr'>atque</span> <span class='ocrx_word' id='word_1_93' title='bbox 668 1808 876 1893; x_wconf 85' lang='lat' dir='ltr'>coacervatam</span> <span class='ocrx_word' id='word_1_94' title='bbox 902 1803 1065 1887; x_wconf 86' lang='lat' dir='ltr'>pecuniam</span> <span class='ocrx_word' id='word_1_95' title='bbox 1094 1804 1261 1868; x_wconf 84' lang='lat' dir='ltr'>Xuiralem.</span> <span class='ocrx_word' id='word_1_96' title='bbox 1306 1805 1470 1871; x_wconf 86' lang='lat' dir='ltr'>Minuotur</span> 
     </span>
    </p>
   </div>
   <div class='ocr_carea' id='block_1_3' title="bbox 312 1982 1468 2094">
    <p class='ocr_par' dir='ltr' id='par_1_6' title="bbox 312 1982 1468 2094">
     <span class='ocr_line' id='line_1_13' title="bbox 397 1982 1468 2036; baseline 0.006 -15"><span class='ocrx_word' id='word_1_97' title='bbox 397 1983 429 2022; x_wconf 76' lang='grc'>13.</span> <span class='ocrx_word' id='word_1_98' title='bbox 440 1985 545 2032; x_wconf 69' lang='lat' dir='ltr'>pecuniae</span> <span class='ocrx_word' id='word_1_99' title='bbox 558 1982 640 2022; x_wconf 79' lang='lat' dir='ltr'>tabeat.</span> <span class='ocrx_word' id='word_1_100' title='bbox 648 2002 672 2010; x_wconf 99' lang='lat'>-</span> <span class='ocrx_word' id='word_1_101' title='bbox 681 1985 809 2022; x_wconf 63' lang='lat' dir='ltr'>decerpseras</span> <span class='ocrx_word' id='word_1_102' title='bbox 823 1985 917 2032; x_wconf 77' lang='lat' dir='ltr'>reserat.</span> <span class='ocrx_word' id='word_1_103' title='bbox 930 1992 956 2011; x_wconf 51' lang='grc' dir='ltr'>-ὲ</span> <span class='ocrx_word' id='word_1_104' title='bbox 968 1988 1032 2031; x_wconf 78' lang='lat' dir='ltr'>atque</span> <span class='ocrx_word' id='word_1_105' title='bbox 1046 1985 1085 2023; x_wconf 78' lang='lat' dir='ltr'>illa</span> <span class='ocrx_word' id='word_1_106' title='bbox 1100 1986 1151 2033; x_wconf 75' lang='lat' dir='ltr'>leae.</span> <span class='ocrx_word' id='word_1_107' title='bbox 1165 1995 1254 2032; x_wconf 80' lang='lat' dir='ltr'>-qaae</span> <span class='ocrx_word' id='word_1_108' title='bbox 1269 1985 1303 2026; x_wconf 77' lang='lat' dir='ltr'>Oa.</span> <span class='ocrx_word' id='word_1_109' title='bbox 1313 1986 1435 2036; x_wconf 75' lang='lat' dir='ltr'>Pompeiae.</span> <span class='ocrx_word' id='word_1_110' title='bbox 1445 2009 1468 2018; x_wconf 88' lang='lat'><em>-</em></span> 
     </span>
     <span class='ocr_line' id='line_1_14' title="bbox 312 2055 739 2094; baseline -0.002 -2"><span class='ocrx_word' id='word_1_111' title='bbox 312 2055 344 2094; x_wconf 66' lang='lat' dir='ltr'>lt</span> <span class='ocrx_word' id='word_1_112' title='bbox 357 2059 499 2094; x_wconf 77' lang='lat' dir='ltr'>constructam</span> <span class='ocrx_word' id='word_1_113' title='bbox 512 2058 533 2094; x_wconf 81' lang='lat' dir='ltr'>et</span> <span class='ocrx_word' id='word_1_114' title='bbox 545 2059 701 2094; x_wconf 76' lang='lat' dir='ltr'>coacervatam.</span> <span class='ocrx_word' id='word_1_115' title='bbox 713 2073 739 2082; x_wconf 90' lang='lat'>—</span> 
     </span>
    </p>
   </div>
   <div class='ocr_carea' id='block_1_4' title="bbox 208 2187 1483 4767">
    <p class='ocr_par' dir='ltr' id='par_1_7' title="bbox 246 2187 1483 3304">
     <span class='ocr_line' id='line_1_15' title="bbox 310 2187 1470 2272; baseline 0.003 -17"><span class='ocrx_word' id='word_1_116' title='bbox 310 2203 338 2255; x_wconf 92' lang='lat' dir='ltr'>in</span> <span class='ocrx_word' id='word_1_117' title='bbox 355 2187 481 2272; x_wconf 83' lang='lat' dir='ltr'>aerarium</span> <span class='ocrx_word' id='word_1_118' title='bbox 504 2202 641 2254; x_wconf 88' lang='lat' dir='ltr'>deferrent.</span> <span class='ocrx_word' id='word_1_119' title='bbox 675 2200 713 2253; x_wconf 91' lang='lat' dir='ltr'>De</span> <span class='ocrx_word' id='word_1_120' title='bbox 736 2198 868 2253; x_wconf 84' lang='lat' dir='ltr'>deferendi</span> <span class='ocrx_word' id='word_1_121' title='bbox 884 2201 970 2254; x_wconf 82' lang='lat' dir='ltr'>rerbo&#39;</span> <span class='ocrx_word' id='word_1_122' title='bbox 982 2201 1014 2254; x_wconf 87' lang='lat' dir='ltr'>ct.</span> <span class='ocrx_word' id='word_1_123' title='bbox 1032 2201 1099 2254; x_wconf 86' lang='lat' dir='ltr'>inira</span> <span class='ocrx_word' id='word_1_124' title='bbox 1122 2201 1154 2253; x_wconf 88' lang='lat' dir='ltr'>ad</span> <span class='ocrx_word' id='word_1_125' title='bbox 1173 2204 1237 2255; x_wconf 88' lang='lat' dir='ltr'>orat.</span> <span class='ocrx_word' id='word_1_126' title='bbox 1254 2203 1290 2266; x_wconf 87' lang='grc' dir='ltr'>Π,</span> <span class='ocrx_word' id='word_1_127' title='bbox 1308 2204 1354 2269; x_wconf 75' lang='lat'>22,</span> <span class='ocrx_word' id='word_1_128' title='bbox 1372 2205 1417 2259; x_wconf 82' lang='lat'>59.</span> <span class='ocrx_word' id='word_1_129' title='bbox 1436 2235 1470 2244; x_wconf 93' lang='lat'>-</span> 
     </span>
     <span class='ocr_line' id='line_1_16' title="bbox 310 2286 1471 2356; baseline 0.004 -16"><span class='ocrx_word' id='word_1_130' title='bbox 310 2295 387 2356; x_wconf 83' lang='lat' dir='ltr'>atque</span> <span class='ocrx_word' id='word_1_131' title='bbox 404 2295 435 2340; x_wconf 83' lang='lat' dir='ltr'>at</span> <span class='ocrx_word' id='word_1_132' title='bbox 451 2289 498 2340; x_wconf 84' lang='lat' dir='ltr'>illa</span> <span class='ocrx_word' id='word_1_133' title='bbox 516 2289 577 2356; x_wconf 72' lang='lat' dir='ltr'>lege.</span> <span class='ocrx_word' id='word_1_134' title='bbox 612 2286 767 2356; x_wconf 90' lang='lat' dir='ltr'>Intelligitur</span> <span class='ocrx_word' id='word_1_135' title='bbox 783 2287 866 2356; x_wconf 87' lang='lat' dir='ltr'>Papia</span> <span class='ocrx_word' id='word_1_136' title='bbox 890 2291 948 2340; x_wconf 86' lang='lat' dir='ltr'>ante</span> <span class='ocrx_word' id='word_1_137' title='bbox 965 2289 1109 2352; x_wconf 87' lang='lat' dir='ltr'>biennium,</span> <span class='ocrx_word' id='word_1_138' title='bbox 1132 2305 1199 2341; x_wconf 89' lang='lat' dir='ltr'>anno</span> <span class='ocrx_word' id='word_1_139' title='bbox 1224 2286 1257 2342; x_wconf 84' lang='grc'>65</span> <span class='ocrx_word' id='word_1_140' title='bbox 1276 2305 1298 2342; x_wconf 87' lang='lat' dir='ltr'>a.</span> <span class='ocrx_word' id='word_1_141' title='bbox 1317 2288 1389 2355; x_wconf 64' lang='lat' dir='ltr'>ons,</span> <span class='ocrx_word' id='word_1_142' title='bbox 1408 2292 1471 2356; x_wconf 88' lang='lat' dir='ltr'>lata,</span> 
     </span>
     <span class='ocr_line' id='line_1_17' title="bbox 312 2373 1470 2445; baseline 0.005 -20"><span class='ocrx_word' id='word_1_143' title='bbox 312 2373 343 2426; x_wconf 91' lang='grc'>11</span> <span class='ocrx_word' id='word_1_144' title='bbox 360 2389 411 2445; x_wconf 87' lang='lat' dir='ltr'>qua</span> <span class='ocrx_word' id='word_1_145' title='bbox 433 2389 515 2442; x_wconf 88' lang='lat' dir='ltr'>nuper</span> <span class='ocrx_word' id='word_1_146' title='bbox 536 2375 587 2442; x_wconf 91' lang='lat' dir='ltr'>ipsi</span> <span class='ocrx_word' id='word_1_147' title='bbox 608 2374 719 2428; x_wconf 80' lang='lat' dir='ltr'>diximus</span> <span class='ocrx_word' id='word_1_148' title='bbox 740 2375 768 2427; x_wconf 92' lang='lat' dir='ltr'>in</span> <span class='ocrx_word' id='word_1_149' title='bbox 786 2373 884 2427; x_wconf 86' lang='lat' dir='ltr'>Studiis</span> <span class='ocrx_word' id='word_1_150' title='bbox 903 2375 1026 2427; x_wconf 76' lang='grc'><strong>1111111111</strong></span> <span class='ocrx_word' id='word_1_151' title='bbox 1044 2392 1068 2442; x_wconf 91' lang='lat' dir='ltr'>p.</span> <span class='ocrx_word' id='word_1_152' title='bbox 1087 2374 1145 2427; x_wconf 83' lang='lat'>351.</span> <span class='ocrx_word' id='word_1_153' title='bbox 1187 2374 1260 2437; x_wconf 88' lang='lat' dir='ltr'>Quod</span> <span class='ocrx_word' id='word_1_154' title='bbox 1282 2377 1314 2428; x_wconf 90' lang='lat' dir='ltr'>ad</span> <span class='ocrx_word' id='word_1_155' title='bbox 1331 2378 1470 2431; x_wconf 83' lang='lat' dir='ltr'>uerborum</span> 
     </span>
     <span class='ocr_line' id='line_1_18' title="bbox 310 2461 1483 2531; baseline 0.003 -18"><span class='ocrx_word' id='word_1_156' title='bbox 310 2461 484 2529; x_wconf 85' lang='lat' dir='ltr'>integritatem</span> <span class='ocrx_word' id='word_1_157' title='bbox 499 2462 601 2525; x_wconf 83' lang='lat' dir='ltr'>attinet,</span> <span class='ocrx_word' id='word_1_158' title='bbox 619 2468 695 2528; x_wconf 84' lang='lat' dir='ltr'>atque</span> <span class='ocrx_word' id='word_1_159' title='bbox 713 2468 743 2513; x_wconf 87' lang='lat' dir='ltr'>ut</span> <span class='ocrx_word' id='word_1_160' title='bbox 753 2461 879 2513; x_wconf 90' lang='lat' dir='ltr'>edidimus</span> <span class='ocrx_word' id='word_1_161' title='bbox 898 2461 1015 2513; x_wconf 90' lang='lat' dir='ltr'>codicum</span> <span class='ocrx_word' id='word_1_162' title='bbox 1033 2475 1186 2513; x_wconf 89' lang='lat' dir='ltr'>eonsensum</span> <span class='ocrx_word' id='word_1_163' title='bbox 1203 2463 1297 2514; x_wconf 87' lang='lat' dir='ltr'>secuti:</span> <span class='ocrx_word' id='word_1_164' title='bbox 1315 2463 1343 2514; x_wconf 92' lang='lat' dir='ltr'>in</span> <span class='ocrx_word' id='word_1_165' title='bbox 1361 2480 1414 2531; x_wconf 88' lang='lat' dir='ltr'>qua</span> <span class='ocrx_word' id='word_1_166' title='bbox 1431 2465 1483 2517; x_wconf 85' lang='lat' dir='ltr'>di·-</span> 
     </span>
     <span class='ocr_line' id='line_1_19' title="bbox 311 2533 1469 2616; baseline 0.006 -18"><span class='ocrx_word' id='word_1_167' title='bbox 311 2546 385 2598; x_wconf 90' lang='lat' dir='ltr'>cendi</span> <span class='ocrx_word' id='word_1_168' title='bbox 402 2547 513 2606; x_wconf 85' lang='lat' dir='ltr'>formula</span> <span class='ocrx_word' id='word_1_169' title='bbox 530 2555 561 2599; x_wconf 84' lang='lat' dir='ltr'>at</span> <span class='ocrx_word' id='word_1_170' title='bbox 579 2551 709 2616; x_wconf 86' lang='lat' dir='ltr'>tamquam</span> <span class='ocrx_word' id='word_1_171' title='bbox 726 2546 864 2610; x_wconf 86' lang='lat' dir='ltr'>redundat,</span> <span class='ocrx_word' id='word_1_172' title='bbox 882 2547 957 2614; x_wconf 88' lang='lat' dir='ltr'>quasi</span> <span class='ocrx_word' id='word_1_173' title='bbox 974 2547 1117 2615; x_wconf 82' lang='lat' dir='ltr'>germanice</span> <span class='ocrx_word' id='word_1_174' title='bbox 1140 2533 1210 2600; x_wconf 77' lang='lat' dir='ltr'>dicas</span> <span class='ocrx_word' id='word_1_175' title='bbox 1229 2547 1289 2600; x_wconf 81' lang='lat' dir='ltr'>abac</span> <span class='ocrx_word' id='word_1_176' title='bbox 1306 2565 1334 2601; x_wconf 81' lang='lat' dir='ltr'>eo</span> <span class='ocrx_word' id='word_1_177' title='bbox 1352 2549 1392 2600; x_wconf 81' lang='lat' dir='ltr'>ala</span> <span class='ocrx_word' id='word_1_178' title='bbox 1412 2551 1469 2615; x_wconf 67' lang='lat' dir='ltr'>wie.</span> 
     </span>
     <span class='ocr_line' id='line_1_20' title="bbox 309 2631 1470 2702; baseline 0.003 -16"><span class='ocrx_word' id='word_1_179' title='bbox 309 2634 396 2687; x_wconf 78' lang='lat' dir='ltr'>Multis</span> <span class='ocrx_word' id='word_1_180' title='bbox 413 2634 441 2686; x_wconf 89' lang='lat' dir='ltr'>id</span> <span class='ocrx_word' id='word_1_181' title='bbox 458 2634 587 2702; x_wconf 77' lang='lat' dir='ltr'>exemplis</span> <span class='ocrx_word' id='word_1_182' title='bbox 600 2633 688 2686; x_wconf 91' lang='lat' dir='ltr'>docuit</span> <span class='ocrx_word' id='word_1_183' title='bbox 705 2633 821 2686; x_wconf 85' lang='lat' dir='ltr'>Handius</span> <span class='ocrx_word' id='word_1_184' title='bbox 839 2631 947 2689; x_wconf 81' lang='lat' dir='ltr'>Tutsell.</span> <span class='ocrx_word' id='word_1_185' title='bbox 965 2632 978 2684; x_wconf 91' lang='grc' dir='ltr'>Ι</span> <span class='ocrx_word' id='word_1_186' title='bbox 994 2649 1020 2700; x_wconf 90' lang='lat' dir='ltr'>p.</span> <span class='ocrx_word' id='word_1_187' title='bbox 1038 2633 1097 2684; x_wconf 83' lang='grc'><strong>471.</strong></span> <span class='ocrx_word' id='word_1_188' title='bbox 1110 2661 1144 2670; x_wconf 93' lang='lat'><em>-</em></span> <span class='ocrx_word' id='word_1_189' title='bbox 1160 2634 1282 2702; x_wconf 80' lang='lat' dir='ltr'>privatur</span> <span class='ocrx_word' id='word_1_190' title='bbox 1299 2634 1400 2686; x_wconf 81' lang='lat' dir='ltr'>talaria</span> <span class='ocrx_word' id='word_1_191' title='bbox 1419 2637 1436 2687; x_wconf 92' lang='lat' dir='ltr'>i.</span> <span class='ocrx_word' id='word_1_192' title='bbox 1446 2653 1470 2689; x_wconf 87' lang='lat' dir='ltr'>e.</span> 
     </span>
     <span class='ocr_line' id='line_1_21' title="bbox 309 2717 1470 2790; baseline 0 -18"><span class='ocrx_word' id='word_1_193' title='bbox 309 2720 432 2772; x_wconf 87' lang='lat' dir='ltr'>liberatur</span> <span class='ocrx_word' id='word_1_194' title='bbox 449 2720 550 2784; x_wconf 89' lang='lat' dir='ltr'>iniuria,</span> <span class='ocrx_word' id='word_1_195' title='bbox 568 2724 597 2771; x_wconf 92' lang='lat' dir='ltr'>ut</span> <span class='ocrx_word' id='word_1_196' title='bbox 614 2720 646 2771; x_wconf 87' lang='grc'>11</span> <span class='ocrx_word' id='word_1_197' title='bbox 662 2718 707 2772; x_wconf 88' lang='lat' dir='ltr'>fin.</span> <span class='ocrx_word' id='word_1_198' title='bbox 724 2719 744 2783; x_wconf 94' lang='lat' dir='ltr'>I,</span> <span class='ocrx_word' id='word_1_199' title='bbox 763 2719 803 2782; x_wconf 91' lang='lat' dir='ltr'>ll,</span> <span class='ocrx_word' id='word_1_200' title='bbox 821 2717 854 2770; x_wconf 81' lang='lat'>37</span> <span class='ocrx_word' id='word_1_201' title='bbox 870 2718 977 2787; x_wconf 73' lang='lat' dir='ltr'>privam</span> <span class='ocrx_word' id='word_1_202' title='bbox 994 2718 1089 2781; x_wconf 80' lang='lat' dir='ltr'>dolore,</span> <span class='ocrx_word' id='word_1_203' title='bbox 1108 2718 1141 2771; x_wconf 89' lang='lat' dir='ltr'>ad</span> <span class='ocrx_word' id='word_1_204' title='bbox 1158 2720 1213 2771; x_wconf 87' lang='lat' dir='ltr'>Att.</span> <span class='ocrx_word' id='word_1_205' title='bbox 1231 2718 1295 2784; x_wconf 87' lang='lat' dir='ltr'>XII,</span> <span class='ocrx_word' id='word_1_206' title='bbox 1314 2719 1360 2783; x_wconf 81' lang='lat'>26,</span> <span class='ocrx_word' id='word_1_207' title='bbox 1378 2720 1395 2772; x_wconf 78' lang='lat'>2</span> <span class='ocrx_word' id='word_1_208' title='bbox 1410 2722 1470 2790; x_wconf 81' lang='lat' dir='ltr'>pri-</span> 
     </span>
     <span class='ocr_line' id='line_1_22' title="bbox 309 2804 1469 2877; baseline 0.003 -20"><span class='ocrx_word' id='word_1_209' title='bbox 309 2821 373 2858; x_wconf 82' lang='lat' dir='ltr'>vare</span> <span class='ocrx_word' id='word_1_210' title='bbox 390 2806 520 2869; x_wconf 68' lang='grc'><strong>1111111,</strong></span> <span class='ocrx_word' id='word_1_211' title='bbox 545 2822 605 2858; x_wconf 87' lang='lat' dir='ltr'>nam</span> <span class='ocrx_word' id='word_1_212' title='bbox 623 2805 656 2857; x_wconf 89' lang='lat' dir='ltr'>ad</span> <span class='ocrx_word' id='word_1_213' title='bbox 673 2804 727 2857; x_wconf 77' lang='lat' dir='ltr'>Aa.</span> <span class='ocrx_word' id='word_1_214' title='bbox 746 2804 765 2869; x_wconf 91' lang='lat' dir='ltr'>l,</span> <span class='ocrx_word' id='word_1_215' title='bbox 785 2805 825 2869; x_wconf 86' lang='grc'>16,</span> <span class='ocrx_word' id='word_1_216' title='bbox 844 2805 985 2874; x_wconf 76' lang='lat' dir='ltr'>ilpra&#39;oarc</span> <span class='ocrx_word' id='word_1_217' title='bbox 1008 2805 1086 2858; x_wconf 74' lang='lat' dir='ltr'>esitio</span> <span class='ocrx_word' id='word_1_218' title='bbox 1109 2820 1166 2858; x_wconf 89' lang='lat' dir='ltr'>eum</span> <span class='ocrx_word' id='word_1_219' title='bbox 1189 2806 1282 2859; x_wconf 86' lang='lat' dir='ltr'>acerba</span> <span class='ocrx_word' id='word_1_220' title='bbox 1304 2806 1469 2877; x_wconf 79' lang='lat' dir='ltr'>simulatione</span> 
     </span>
     <span class='ocr_line' id='line_1_23' title="bbox 310 2889 1470 2960; baseline 0.003 -16"><span class='ocrx_word' id='word_1_221' title='bbox 310 2889 487 2945; x_wconf 79' lang='lat' dir='ltr'>dictumest.</span> <span class='ocrx_word' id='word_1_222' title='bbox 517 2891 601 2954; x_wconf 87' lang='lat' dir='ltr'>Quare</span> <span class='ocrx_word' id='word_1_223' title='bbox 622 2889 740 2944; x_wconf 88' lang='lat' dir='ltr'>Lambini</span> <span class='ocrx_word' id='word_1_224' title='bbox 765 2891 912 2944; x_wconf 86' lang='lat' dir='ltr'>coniectura</span> <span class='ocrx_word' id='word_1_225' title='bbox 934 2891 1088 2960; x_wconf 63' lang='lat' dir='ltr'>prohibetur</span> <span class='ocrx_word' id='word_1_226' title='bbox 1113 2892 1214 2944; x_wconf 80' lang='lat' dir='ltr'>iniuria</span> <span class='ocrx_word' id='word_1_227' title='bbox 1241 2893 1315 2946; x_wconf 84' lang='lat' dir='ltr'>facile</span> <span class='ocrx_word' id='word_1_228' title='bbox 1341 2908 1470 2947; x_wconf 80' lang='lat' dir='ltr'>caremus.</span> 
     </span>
     <span class='ocr_line' id='line_1_24' title="bbox 309 2978 1469 3052; baseline 0.001 -21"><span class='ocrx_word' id='word_1_229' title='bbox 309 2978 390 3032; x_wconf 87' lang='lat' dir='ltr'>Paulo</span> <span class='ocrx_word' id='word_1_230' title='bbox 408 2980 468 3045; x_wconf 90' lang='lat' dir='ltr'>post</span> <span class='ocrx_word' id='word_1_231' title='bbox 485 2993 590 3031; x_wconf 88' lang='lat' dir='ltr'>necesse</span> <span class='ocrx_word' id='word_1_232' title='bbox 608 2981 648 3030; x_wconf 91' lang='lat' dir='ltr'>est</span> <span class='ocrx_word' id='word_1_233' title='bbox 665 2978 744 3030; x_wconf 89' lang='lat' dir='ltr'>scribi</span> <span class='ocrx_word' id='word_1_234' title='bbox 761 2978 790 3029; x_wconf 82' lang='lat' dir='ltr'>ia</span> <span class='ocrx_word' id='word_1_235' title='bbox 807 2978 884 3052; x_wconf 80' lang='lat' dir='ltr'>tatae</span> <span class='ocrx_word' id='word_1_236' title='bbox 901 2978 1050 3051; x_wconf 75' lang='lat' dir='ltr'>vectiyattc,</span> <span class='ocrx_word' id='word_1_237' title='bbox 1068 2979 1128 3046; x_wconf 88' lang='lat' dir='ltr'>quia</span> <span class='ocrx_word' id='word_1_238' title='bbox 1144 2978 1283 3031; x_wconf 86' lang='lat' dir='ltr'>invadendi</span> <span class='ocrx_word' id='word_1_239' title='bbox 1300 2978 1408 3031; x_wconf 88' lang='lat' dir='ltr'>verbum</span> <span class='ocrx_word' id='word_1_240' title='bbox 1427 2978 1469 3032; x_wconf 82' lang='lat' dir='ltr'>Oi·</span> 
     </span>
     <span class='ocr_line' id='line_1_25' title="bbox 246 3050 1469 3133; baseline 0 -16"><span class='ocrx_word' id='word_1_241' title='bbox 246 3079 248 3082; x_wconf 85' lang='lat'>·</span> <span class='ocrx_word' id='word_1_242' title='bbox 310 3078 368 3118; x_wconf 89' lang='lat' dir='ltr'>cero</span> <span class='ocrx_word' id='word_1_243' title='bbox 385 3079 515 3131; x_wconf 90' lang='lat' dir='ltr'>nunquam</span> <span class='ocrx_word' id='word_1_244' title='bbox 527 3050 589 3115; x_wconf 41' lang='lat' dir='ltr'>&#39;sine</span> <span class='ocrx_word' id='word_1_245' title='bbox 607 3063 796 3131; x_wconf 87' lang='lat' dir='ltr'>praepositione</span> <span class='ocrx_word' id='word_1_246' title='bbox 813 3065 896 3133; x_wconf 81' lang='lat' dir='ltr'>ponit.</span> <span class='ocrx_word' id='word_1_247' title='bbox 914 3092 947 3100; x_wconf 86' lang='lat'>-</span> <span class='ocrx_word' id='word_1_248' title='bbox 965 3063 1037 3116; x_wconf 81' lang='lat' dir='ltr'>actia</span> <span class='ocrx_word' id='word_1_249' title='bbox 1048 3061 1193 3130; x_wconf 79' lang='lat' dir='ltr'>Pompeias.</span> <span class='ocrx_word' id='word_1_250' title='bbox 1220 3063 1278 3116; x_wconf 91' lang='lat' dir='ltr'>Non</span> <span class='ocrx_word' id='word_1_251' title='bbox 1295 3065 1469 3118; x_wconf 86' lang='lat' dir='ltr'>dubitavimus</span> 
     </span>
     <span class='ocr_line' id='line_1_26' title="bbox 310 3146 1468 3216; baseline -0.002 -11"><span class='ocrx_word' id='word_1_252' title='bbox 310 3152 349 3205; x_wconf 88' lang='lat' dir='ltr'>sic</span> <span class='ocrx_word' id='word_1_253' title='bbox 366 3149 479 3204; x_wconf 88' lang='lat' dir='ltr'>scribere</span> <span class='ocrx_word' id='word_1_254' title='bbox 497 3163 530 3200; x_wconf 82' lang='lat' dir='ltr'>ex</span> <span class='ocrx_word' id='word_1_255' title='bbox 546 3149 622 3200; x_wconf 91' lang='lat' dir='ltr'>unius</span> <span class='ocrx_word' id='word_1_256' title='bbox 640 3148 697 3201; x_wconf 89' lang='lat' dir='ltr'>cod.</span> <span class='ocrx_word' id='word_1_257' title='bbox 716 3147 732 3200; x_wconf 88' lang='grc'>9</span> <span class='ocrx_word' id='word_1_258' title='bbox 750 3147 814 3213; x_wconf 86' lang='lat' dir='ltr'>fide;</span> <span class='ocrx_word' id='word_1_259' title='bbox 840 3165 901 3201; x_wconf 88' lang='lat' dir='ltr'>nam</span> <span class='ocrx_word' id='word_1_260' title='bbox 917 3148 1074 3216; x_wconf 91' lang='lat' dir='ltr'>Pompeium,</span> <span class='ocrx_word' id='word_1_261' title='bbox 1091 3148 1189 3214; x_wconf 88' lang='lat' dir='ltr'>ingenti</span> <span class='ocrx_word' id='word_1_262' title='bbox 1206 3151 1267 3202; x_wconf 88' lang='lat' dir='ltr'>tunc</span> <span class='ocrx_word' id='word_1_263' title='bbox 1285 3146 1367 3216; x_wconf 89' lang='lat' dir='ltr'>gloria</span> <span class='ocrx_word' id='word_1_264' title='bbox 1383 3150 1468 3203; x_wconf 83' lang='lat' dir='ltr'>virum</span> 
     </span>
     <span class='ocr_line' id='line_1_27' title="bbox 311 3231 1470 3304; baseline 0.001 -16"><span class='ocrx_word' id='word_1_265' title='bbox 311 3250 341 3288; x_wconf 86' lang='lat' dir='ltr'>aa</span> <span class='ocrx_word' id='word_1_266' title='bbox 358 3249 435 3303; x_wconf 90' lang='lat' dir='ltr'>saepe</span> <span class='ocrx_word' id='word_1_267' title='bbox 453 3235 486 3287; x_wconf 87' lang='lat' dir='ltr'>ab</span> <span class='ocrx_word' id='word_1_268' title='bbox 503 3235 560 3302; x_wconf 89' lang='lat' dir='ltr'>ipso</span> <span class='ocrx_word' id='word_1_269' title='bbox 579 3231 701 3286; x_wconf 84' lang='lat' dir='ltr'>Cicerone</span> <span class='ocrx_word' id='word_1_270' title='bbox 719 3239 952 3298; x_wconf 87' lang='lat' dir='ltr'>commemoratum,</span> <span class='ocrx_word' id='word_1_271' title='bbox 971 3236 1136 3303; x_wconf 87' lang='lat' dir='ltr'>praenomine</span> <span class='ocrx_word' id='word_1_272' title='bbox 1149 3250 1236 3287; x_wconf 88' lang='lat' dir='ltr'>carere</span> <span class='ocrx_word' id='word_1_273' title='bbox 1253 3235 1328 3290; x_wconf 82' lang='lat' dir='ltr'>tacite</span> <span class='ocrx_word' id='word_1_274' title='bbox 1345 3238 1470 3304; x_wconf 88' lang='lat' dir='ltr'>patimur,</span> 
     </span>
    </p>

    <p class='ocr_par' dir='ltr' id='par_1_8' title="bbox 208 3317 1479 4767">
     <span class='ocr_line' id='line_1_28' title="bbox 310 3317 1422 3389; baseline 0.001 -16"><span class='ocrx_word' id='word_1_275' title='bbox 310 3325 338 3373; x_wconf 85' lang='lat' dir='ltr'>at</span> <span class='ocrx_word' id='word_1_276' title='bbox 354 3335 405 3373; x_wconf 90' lang='lat' dir='ltr'>non</span> <span class='ocrx_word' id='word_1_277' title='bbox 422 3319 528 3372; x_wconf 84' lang='lat' dir='ltr'>terimus</span> <span class='ocrx_word' id='word_1_278' title='bbox 547 3317 637 3371; x_wconf 85' lang='lat' dir='ltr'>abesse</span> <span class='ocrx_word' id='word_1_279' title='bbox 655 3318 777 3381; x_wconf 84' lang='lat' dir='ltr'>dativum,</span> <span class='ocrx_word' id='word_1_280' title='bbox 794 3321 884 3389; x_wconf 92' lang='lat' dir='ltr'>quiin</span> <span class='ocrx_word' id='word_1_281' title='bbox 902 3320 1057 3388; x_wconf 84' lang='lat' dir='ltr'>adiungendi</span> <span class='ocrx_word' id='word_1_282' title='bbox 1075 3321 1152 3374; x_wconf 86' lang='lat' dir='ltr'>verbo</span> <span class='ocrx_word' id='word_1_283' title='bbox 1170 3322 1258 3389; x_wconf 89' lang='lat' dir='ltr'>utique</span> <span class='ocrx_word' id='word_1_284' title='bbox 1275 3323 1422 3389; x_wconf 88' lang='lat' dir='ltr'>requiritur.</span> 
     </span>
     <span class='ocr_line' id='line_1_29' title="bbox 398 3402 1469 3478; baseline 0.004 -21"><span class='ocrx_word' id='word_1_285' title='bbox 398 3405 437 3478; x_wconf 74' lang='lat'>14,</span> <span class='ocrx_word' id='word_1_286' title='bbox 455 3402 529 3456; x_wconf 85' lang='lat' dir='ltr'>rebus</span> <span class='ocrx_word' id='word_1_287' title='bbox 547 3410 572 3456; x_wconf 84' lang='lat' dir='ltr'>et</span> <span class='ocrx_word' id='word_1_288' title='bbox 588 3402 678 3455; x_wconf 81' lang='lat' dir='ltr'>asadia</span> <span class='ocrx_word' id='word_1_289' title='bbox 705 3403 757 3457; x_wconf 85' lang='lat' dir='ltr'>Rea</span> <span class='ocrx_word' id='word_1_290' title='bbox 775 3410 835 3458; x_wconf 88' lang='lat' dir='ltr'>sunt</span> <span class='ocrx_word' id='word_1_291' title='bbox 852 3406 988 3472; x_wconf 86' lang='lat' dir='ltr'>vectigalia</span> <span class='ocrx_word' id='word_1_292' title='bbox 1005 3422 1066 3474; x_wconf 93' lang='lat' dir='ltr'>pop.</span> <span class='ocrx_word' id='word_1_293' title='bbox 1084 3406 1200 3470; x_wconf 87' lang='lat' dir='ltr'>Romani,</span> <span class='ocrx_word' id='word_1_294' title='bbox 1218 3422 1283 3474; x_wconf 87' lang='lat' dir='ltr'>quae</span> <span class='ocrx_word' id='word_1_295' title='bbox 1296 3406 1386 3472; x_wconf 85' lang='lat' dir='ltr'>Rullus</span> <span class='ocrx_word' id='word_1_296' title='bbox 1406 3424 1469 3461; x_wconf 89' lang='lat' dir='ltr'>ven-</span> 
     </span>
     <span class='ocr_line' id='line_1_30' title="bbox 310 3487 1471 3559; baseline 0.002 -16"><span class='ocrx_word' id='word_1_297' title='bbox 310 3491 409 3543; x_wconf 87' lang='lat' dir='ltr'>diturus</span> <span class='ocrx_word' id='word_1_298' title='bbox 427 3491 475 3551; x_wconf 84' lang='lat' dir='ltr'>esi,</span> <span class='ocrx_word' id='word_1_299' title='bbox 492 3487 562 3540; x_wconf 82' lang='lat' dir='ltr'>modi</span> <span class='ocrx_word' id='word_1_300' title='bbox 578 3488 675 3557; x_wconf 87' lang='lat' dir='ltr'>reliqua</span> <span class='ocrx_word' id='word_1_301' title='bbox 697 3505 791 3558; x_wconf 90' lang='lat' dir='ltr'>genera</span> <span class='ocrx_word' id='word_1_302' title='bbox 814 3490 972 3559; x_wconf 88' lang='lat' dir='ltr'>colligendae</span> <span class='ocrx_word' id='word_1_303' title='bbox 993 3491 1124 3558; x_wconf 88' lang='lat' dir='ltr'>pecuniae.</span> <span class='ocrx_word' id='word_1_304' title='bbox 1164 3491 1257 3555; x_wconf 85' lang='lat' dir='ltr'>Parum</span> <span class='ocrx_word' id='word_1_305' title='bbox 1279 3491 1358 3556; x_wconf 89' lang='lat' dir='ltr'>igitur</span> <span class='ocrx_word' id='word_1_306' title='bbox 1379 3491 1471 3558; x_wconf 89' lang='lat' dir='ltr'>placet</span> 
     </span>
     <span class='ocr_line' id='line_1_31' title="bbox 208 3572 1468 3645; baseline 0.002 -15"><span class='ocrx_word' id='word_1_307' title='bbox 208 3588 210 3592; x_wconf 57' lang='lat'><strong>⁴</strong></span> <span class='ocrx_word' id='word_1_308' title='bbox 310 3575 380 3645; x_wconf 87' lang='lat' dir='ltr'>quod</span> <span class='ocrx_word' id='word_1_309' title='bbox 396 3573 535 3628; x_wconf 83' lang='lat' dir='ltr'>Lambinus</span> <span class='ocrx_word' id='word_1_310' title='bbox 554 3575 1088 3644; x_wconf 71' lang='grc' dir='ltr'><strong>111111111111111111111111111111οά</strong></span> <span class='ocrx_word' id='word_1_311' title='bbox 1104 3591 1135 3628; x_wconf 92' lang='lat' dir='ltr'>ne</span> <span class='ocrx_word' id='word_1_312' title='bbox 1149 3577 1270 3629; x_wconf 87' lang='lat' dir='ltr'>Latinum</span> <span class='ocrx_word' id='word_1_313' title='bbox 1282 3574 1384 3644; x_wconf 91' lang='lat' dir='ltr'>quidem</span> <span class='ocrx_word' id='word_1_314' title='bbox 1402 3572 1468 3632; x_wconf 89' lang='lat' dir='ltr'>satis</span> 
     </span>
     <span class='ocr_line' id='line_1_32' title="bbox 310 3654 1468 3728; baseline 0.003 -16"><span class='ocrx_word' id='word_1_315' title='bbox 310 3659 501 3724; x_wconf 74' lang='lat' dir='ltr'>ridetur3&#39;nam</span> <span class='ocrx_word' id='word_1_316' title='bbox 518 3658 568 3712; x_wconf 85' lang='lat' dir='ltr'>etsi</span> <span class='ocrx_word' id='word_1_317' title='bbox 585 3659 735 3728; x_wconf 87' lang='lat' dir='ltr'>saepissime</span> <span class='ocrx_word' id='word_1_318' title='bbox 752 3659 846 3712; x_wconf 88' lang='lat' dir='ltr'>dicitur</span> <span class='ocrx_word' id='word_1_319' title='bbox 862 3659 933 3711; x_wconf 81' lang='lat' dir='ltr'>ratio</span> <span class='ocrx_word' id='word_1_320' title='bbox 954 3666 980 3711; x_wconf 84' lang='lat' dir='ltr'>at</span> <span class='ocrx_word' id='word_1_321' title='bbox 995 3659 1097 3722; x_wconf 82' lang='lat' dir='ltr'>modas,</span> <span class='ocrx_word' id='word_1_322' title='bbox 1119 3659 1233 3728; x_wconf 46' lang='lat' dir='ltr'>pluralis,</span> <span class='ocrx_word' id='word_1_323' title='bbox 1245 3675 1297 3713; x_wconf 90' lang='lat' dir='ltr'>non</span> <span class='ocrx_word' id='word_1_324' title='bbox 1314 3661 1375 3713; x_wconf 87' lang='lat' dir='ltr'>item</span> <span class='ocrx_word' id='word_1_325' title='bbox 1393 3654 1468 3716; x_wconf 81' lang='lat' dir='ltr'>usur-</span> 
     </span>
     <span class='ocr_line' id='line_1_33' title="bbox 243 3744 1468 3818; baseline 0.005 -22"><span class='ocrx_word' id='word_1_326' title='bbox 243 3763 247 3770; x_wconf 92' lang='lat'><em>·</em></span> <span class='ocrx_word' id='word_1_327' title='bbox 311 3747 395 3813; x_wconf 84' lang='lat' dir='ltr'>patur.</span> <span class='ocrx_word' id='word_1_328' title='bbox 434 3744 589 3799; x_wconf 88' lang='lat' dir='ltr'>Insolentius</span> <span class='ocrx_word' id='word_1_329' title='bbox 611 3750 696 3800; x_wconf 89' lang='lat' dir='ltr'>autem</span> <span class='ocrx_word' id='word_1_330' title='bbox 721 3747 834 3815; x_wconf 86' lang='lat' dir='ltr'>appellat</span> <span class='ocrx_word' id='word_1_331' title='bbox 855 3753 1030 3799; x_wconf 68' lang='lat' dir='ltr'>consauciata</span> <span class='ocrx_word' id='word_1_332' title='bbox 1051 3775 1084 3783; x_wconf 89' lang='lat'>-</span> <span class='ocrx_word' id='word_1_333' title='bbox 1104 3746 1255 3816; x_wconf 80' lang='lat' dir='ltr'>pecuniam,-</span> <span class='ocrx_word' id='word_1_334' title='bbox 1282 3764 1341 3800; x_wconf 89' lang='lat' dir='ltr'>nam</span> <span class='ocrx_word' id='word_1_335' title='bbox 1362 3752 1468 3818; x_wconf 89' lang='lat' dir='ltr'>proprie</span> 
     </span>
     <span class='ocr_line' id='line_1_34' title="bbox 312 3831 1469 3902; baseline 0.006 -21"><span class='ocrx_word' id='word_1_336' title='bbox 312 3845 417 3883; x_wconf 79' lang='lat' dir='ltr'>acervus</span> <span class='ocrx_word' id='word_1_337' title='bbox 435 3833 536 3886; x_wconf 88' lang='lat' dir='ltr'>tantum</span> <span class='ocrx_word' id='word_1_338' title='bbox 552 3833 676 3902; x_wconf 89' lang='lat' dir='ltr'>pecuniae</span> <span class='ocrx_word' id='word_1_339' title='bbox 696 3833 865 3896; x_wconf 90' lang='lat' dir='ltr'>construitur,</span> <span class='ocrx_word' id='word_1_340' title='bbox 883 3835 913 3884; x_wconf 91' lang='lat' dir='ltr'>ut</span> <span class='ocrx_word' id='word_1_341' title='bbox 929 3832 994 3884; x_wconf 87' lang='lat' dir='ltr'>Phil.</span> <span class='ocrx_word' id='word_1_342' title='bbox 1013 3831 1044 3896; x_wconf 87' lang='lat' dir='ltr'>H,</span> <span class='ocrx_word' id='word_1_343' title='bbox 1062 3831 1103 3895; x_wconf 87' lang='grc'>38,</span> <span class='ocrx_word' id='word_1_344' title='bbox 1122 3832 1154 3885; x_wconf 81' lang='lat'>97</span> <span class='ocrx_word' id='word_1_345' title='bbox 1172 3831 1264 3900; x_wconf 83' lang='lat' dir='ltr'>Itaque</span> <span class='ocrx_word' id='word_1_346' title='bbox 1287 3834 1355 3886; x_wconf 82' lang='lat' dir='ltr'>tacti</span> <span class='ocrx_word' id='word_1_347' title='bbox 1377 3836 1469 3888; x_wconf 80' lang='lat' dir='ltr'>acervi</span> 
     </span>
     <span class='ocr_line' id='line_1_35' title="bbox 286 3918 1468 3988; baseline 0.002 -16"><span class='ocrx_word' id='word_1_348' title='bbox 286 3955 290 3962; x_wconf 90' lang='lat'>-</span> <span class='ocrx_word' id='word_1_349' title='bbox 311 3930 470 3972; x_wconf 65' lang='lat' dir='ltr'>nummorum</span> <span class='ocrx_word' id='word_1_350' title='bbox 487 3919 560 3988; x_wconf 81' lang='lat' dir='ltr'>apud</span> <span class='ocrx_word' id='word_1_351' title='bbox 574 3921 652 3973; x_wconf 79' lang='lat' dir='ltr'>iatam</span> <span class='ocrx_word' id='word_1_352' title='bbox 668 3925 864 3980; x_wconf 78' lang='lat' dir='ltr'>comtraaatar,</span> <span class='ocrx_word' id='word_1_353' title='bbox 887 3925 919 3970; x_wconf 85' lang='lat' dir='ltr'>at</span> <span class='ocrx_word' id='word_1_354' title='bbox 940 3918 993 3969; x_wconf 83' lang='lat' dir='ltr'>iam</span> <span class='ocrx_word' id='word_1_355' title='bbox 1014 3918 1206 3987; x_wconf 68' lang='lat' dir='ltr'>expendantur,</span> <span class='ocrx_word' id='word_1_356' title='bbox 1229 3929 1468 3975; x_wconf 76' lang='lat' dir='ltr'>conculcarentur</span> 
     </span>
     <span class='ocr_line' id='line_1_36' title="bbox 307 4003 1468 4078; baseline -0.002 -17"><span class='ocrx_word' id='word_1_357' title='bbox 307 4005 443 4078; x_wconf 80' lang='lat' dir='ltr'>pecuniae,</span> <span class='ocrx_word' id='word_1_358' title='bbox 460 4020 542 4073; x_wconf 90' lang='lat' dir='ltr'>neque</span> <span class='ocrx_word' id='word_1_359' title='bbox 558 4005 614 4059; x_wconf 75' lang='grc'><strong>111.</strong></span> <span class='ocrx_word' id='word_1_360' title='bbox 631 4006 747 4070; x_wconf 84' lang='lat' dir='ltr'>dixisset,</span> <span class='ocrx_word' id='word_1_361' title='bbox 763 4005 814 4059; x_wconf 92' lang='lat' dir='ltr'>nisi</span> <span class='ocrx_word' id='word_1_362' title='bbox 832 4013 1011 4058; x_wconf 78' lang='lat' dir='ltr'>acacaectaa</span> <span class='ocrx_word' id='word_1_363' title='bbox 1029 4003 1178 4059; x_wconf 85' lang='lat' dir='ltr'>addidisset.</span> <span class='ocrx_word' id='word_1_364' title='bbox 1196 4034 1230 4043; x_wconf 88' lang='lat'>-</span> <span class='ocrx_word' id='word_1_365' title='bbox 1247 4012 1322 4059; x_wconf 84' lang='lat' dir='ltr'>acuet</span> <span class='ocrx_word' id='word_1_366' title='bbox 1338 4006 1405 4058; x_wconf 84' lang='lat' dir='ltr'>eal-m</span> <span class='ocrx_word' id='word_1_367' title='bbox 1423 4009 1468 4059; x_wconf 86' lang='lat' dir='ltr'>eir</span> 
     </span>
     <span class='ocr_line' id='line_1_37' title="bbox 310 4089 1469 4163; baseline 0.003 -20"><span class='ocrx_word' id='word_1_368' title='bbox 310 4092 428 4162; x_wconf 67' lang='grc'><strong>11111111.</strong></span> <span class='ocrx_word' id='word_1_369' title='bbox 463 4089 537 4153; x_wconf 90' lang='lat' dir='ltr'>Quod</span> <span class='ocrx_word' id='word_1_370' title='bbox 555 4091 684 4145; x_wconf 83' lang='lat' dir='ltr'>antecedit</span> <span class='ocrx_word' id='word_1_371' title='bbox 700 4099 835 4159; x_wconf 69' lang='lat' dir='ltr'>utumque</span> <span class='ocrx_word' id='word_1_372' title='bbox 853 4091 944 4144; x_wconf 82' lang='lat' dir='ltr'>torum</span> <span class='ocrx_word' id='word_1_373' title='bbox 955 4091 1042 4160; x_wconf 81' lang='lat' dir='ltr'>facies</span> <span class='ocrx_word' id='word_1_374' title='bbox 1061 4093 1153 4159; x_wconf 82' lang='lat' dir='ltr'>quanti</span> <span class='ocrx_word' id='word_1_375' title='bbox 1174 4093 1242 4146; x_wconf 83' lang='lat' dir='ltr'>valae</span> <span class='ocrx_word' id='word_1_376' title='bbox 1260 4094 1348 4163; x_wconf 88' lang='lat' dir='ltr'>posset</span> <span class='ocrx_word' id='word_1_377' title='bbox 1365 4107 1423 4145; x_wconf 89' lang='lat' dir='ltr'>esse</span> <span class='ocrx_word' id='word_1_378' title='bbox 1442 4101 1469 4146; x_wconf 84' lang='lat' dir='ltr'>et</span> 
     </span>
     <span class='ocr_line' id='line_1_38' title="bbox 309 4176 1467 4248; baseline 0.003 -17"><span class='ocrx_word' id='word_1_379' title='bbox 309 4179 339 4231; x_wconf 72' lang='grc'>111</span> <span class='ocrx_word' id='word_1_380' title='bbox 354 4176 486 4231; x_wconf 81' lang='lat' dir='ltr'>vendendo</span> <span class='ocrx_word' id='word_1_381' title='bbox 503 4184 528 4230; x_wconf 86' lang='lat' dir='ltr'>et</span> <span class='ocrx_word' id='word_1_382' title='bbox 544 4178 574 4230; x_wconf 82' lang='lat' dir='ltr'>a&#39;n</span> <span class='ocrx_word' id='word_1_383' title='bbox 590 4178 694 4231; x_wconf 72' lang='lat' dir='ltr'>meando</span> <span class='ocrx_word' id='word_1_384' title='bbox 707 4178 822 4248; x_wconf 60' lang='lat' dir='ltr'>petiam</span> <span class='ocrx_word' id='word_1_385' title='bbox 839 4185 937 4232; x_wconf 82' lang='lat' dir='ltr'>atataea</span> <span class='ocrx_word' id='word_1_386' title='bbox 949 4187 1072 4246; x_wconf 72' lang='lat' dir='ltr'>quaestam</span> <span class='ocrx_word' id='word_1_387' title='bbox 1083 4180 1160 4244; x_wconf 85' lang='lat' dir='ltr'>uotae,</span> <span class='ocrx_word' id='word_1_388' title='bbox 1178 4180 1285 4233; x_wconf 80' lang='lat' dir='ltr'>sedvix</span> <span class='ocrx_word' id='word_1_389' title='bbox 1295 4180 1381 4246; x_wconf 89' lang='lat' dir='ltr'>potest</span> <span class='ocrx_word' id='word_1_390' title='bbox 1399 4194 1467 4245; x_wconf 88' lang='lat' dir='ltr'>esse,</span> 
     </span>
     <span class='ocr_line' id='line_1_39' title="bbox 212 4264 1470 4335; baseline 0.002 -18"><span class='ocrx_word' id='word_1_391' title='bbox 212 4305 215 4310; x_wconf 88' lang='lat'>.</span> <span class='ocrx_word' id='word_1_392' title='bbox 309 4264 431 4333; x_wconf 85' lang='lat' dir='ltr'>quoniam</span> <span class='ocrx_word' id='word_1_393' title='bbox 448 4264 566 4318; x_wconf 77' lang='lat' dir='ltr'>venditor</span> <span class='ocrx_word' id='word_1_394' title='bbox 583 4280 616 4316; x_wconf 82' lang='lat' dir='ltr'>ex</span> <span class='ocrx_word' id='word_1_395' title='bbox 632 4265 764 4318; x_wconf 80' lang='lat' dir='ltr'>voluntate</span> <span class='ocrx_word' id='word_1_396' title='bbox 782 4281 865 4318; x_wconf 89' lang='lat' dir='ltr'>emere</span> <span class='ocrx_word' id='word_1_397' title='bbox 883 4266 1055 4335; x_wconf 90' lang='lat' dir='ltr'>cupientium,</span> <span class='ocrx_word' id='word_1_398' title='bbox 1079 4270 1179 4335; x_wconf 91' lang='lat' dir='ltr'>emptor</span> <span class='ocrx_word' id='word_1_399' title='bbox 1201 4281 1234 4318; x_wconf 82' lang='lat' dir='ltr'>ex</span> <span class='ocrx_word' id='word_1_400' title='bbox 1256 4266 1388 4317; x_wconf 89' lang='lat' dir='ltr'>voluntate</span> <span class='ocrx_word' id='word_1_401' title='bbox 1405 4282 1470 4320; x_wconf 79' lang='lat' dir='ltr'>ven·-</span> 
     </span>
     <span class='ocr_line' id='line_1_40' title="bbox 309 4350 1467 4422; baseline 0.001 -17"><span class='ocrx_word' id='word_1_402' title='bbox 309 4350 424 4405; x_wconf 87' lang='lat' dir='ltr'>dentium</span> <span class='ocrx_word' id='word_1_403' title='bbox 446 4350 548 4419; x_wconf 87' lang='lat' dir='ltr'>pendet.</span> <span class='ocrx_word' id='word_1_404' title='bbox 593 4351 676 4415; x_wconf 84' lang='lat' dir='ltr'>Quare</span> <span class='ocrx_word' id='word_1_405' title='bbox 699 4353 738 4406; x_wconf 88' lang='lat' dir='ltr'>sic</span> <span class='ocrx_word' id='word_1_406' title='bbox 760 4353 845 4421; x_wconf 88' lang='lat' dir='ltr'>potius</span> <span class='ocrx_word' id='word_1_407' title='bbox 868 4353 982 4422; x_wconf 86' lang='lat' dir='ltr'>intellige</span> <span class='ocrx_word' id='word_1_408' title='bbox 1006 4360 1032 4406; x_wconf 79' lang='lat' dir='ltr'>at</span> <span class='ocrx_word' id='word_1_409' title='bbox 1052 4353 1081 4404; x_wconf 76' lang='lat' dir='ltr'>aia</span> <span class='ocrx_word' id='word_1_410' title='bbox 1109 4353 1241 4406; x_wconf 81' lang='lat' dir='ltr'>candendo</span> <span class='ocrx_word' id='word_1_411' title='bbox 1263 4357 1289 4403; x_wconf 84' lang='lat' dir='ltr'>et</span> <span class='ocrx_word' id='word_1_412' title='bbox 1309 4351 1338 4401; x_wconf 87' lang='lat' dir='ltr'>a&#39;a</span> <span class='ocrx_word' id='word_1_413' title='bbox 1360 4353 1467 4406; x_wconf 79' lang='lat' dir='ltr'>amando</span> 
     </span>
     <span class='ocr_line' id='line_1_41' title="bbox 309 4437 1467 4508; baseline 0.002 -18"><span class='ocrx_word' id='word_1_414' title='bbox 309 4444 443 4505; x_wconf 73' lang='lat' dir='ltr'>quaestam</span> <span class='ocrx_word' id='word_1_415' title='bbox 460 4444 584 4504; x_wconf 79' lang='lat' dir='ltr'>pacatam</span> <span class='ocrx_word' id='word_1_416' title='bbox 600 4439 670 4491; x_wconf 81' lang='lat' dir='ltr'>voles</span> <span class='ocrx_word' id='word_1_417' title='bbox 681 4438 776 4506; x_wconf 77' lang='lat' dir='ltr'>facies,</span> <span class='ocrx_word' id='word_1_418' title='bbox 793 4439 870 4506; x_wconf 89' lang='lat' dir='ltr'>idque</span> <span class='ocrx_word' id='word_1_419' title='bbox 881 4438 969 4492; x_wconf 83' lang='lat' dir='ltr'>Cicero</span> <span class='ocrx_word' id='word_1_420' title='bbox 986 4440 1014 4492; x_wconf 90' lang='lat' dir='ltr'>in</span> <span class='ocrx_word' id='word_1_421' title='bbox 1026 4439 1133 4492; x_wconf 91' lang='lat' dir='ltr'>emendo</span> <span class='ocrx_word' id='word_1_422' title='bbox 1151 4438 1226 4508; x_wconf 86' lang='lat' dir='ltr'>quale</span> <span class='ocrx_word' id='word_1_423' title='bbox 1245 4438 1279 4490; x_wconf 90' lang='lat' dir='ltr'>sit</span> <span class='ocrx_word' id='word_1_424' title='bbox 1296 4437 1467 4493; x_wconf 84' lang='lat' dir='ltr'>demonstrat.</span> 
     </span>
     <span class='ocr_line' id='line_1_42' title="bbox 309 4523 1467 4594; baseline 0 -16"><span class='ocrx_word' id='word_1_425' title='bbox 309 4524 414 4578; x_wconf 79' lang='lat' dir='ltr'>Etenim·</span> <span class='ocrx_word' id='word_1_426' title='bbox 428 4523 564 4576; x_wconf 83' lang='lat' dir='ltr'>ridebatur</span> <span class='ocrx_word' id='word_1_427' title='bbox 581 4540 642 4578; x_wconf 85' lang='lat' dir='ltr'>sane</span> <span class='ocrx_word' id='word_1_428' title='bbox 652 4525 743 4579; x_wconf 82' lang='lat' dir='ltr'>Rullus</span> <span class='ocrx_word' id='word_1_429' title='bbox 761 4526 1005 4594; x_wconf 86' lang='lat' dir='ltr'>propter-iustitiam</span> <span class='ocrx_word' id='word_1_430' title='bbox 1016 4527 1249 4592; x_wconf 85' lang='lat' dir='ltr'>humanitatemque</span> <span class='ocrx_word' id='word_1_431' title='bbox 1268 4523 1345 4576; x_wconf 90' lang='lat' dir='ltr'>animi</span> <span class='ocrx_word' id='word_1_432' title='bbox 1362 4523 1467 4590; x_wconf 88' lang='lat' dir='ltr'>fecisse,</span> 
     </span>
     <span class='ocr_line' id='line_1_43' title="bbox 309 4609 1467 4679; baseline -0.001 -14"><span class='ocrx_word' id='word_1_433' title='bbox 309 4627 342 4665; x_wconf 86' lang='lat' dir='ltr'>ne</span> <span class='ocrx_word' id='word_1_434' title='bbox 359 4624 443 4663; x_wconf 90' lang='lat' dir='ltr'>emere</span> <span class='ocrx_word' id='word_1_435' title='bbox 460 4610 493 4664; x_wconf 87' lang='lat' dir='ltr'>ab</span> <span class='ocrx_word' id='word_1_436' title='bbox 510 4609 591 4663; x_wconf 84' lang='lat' dir='ltr'>inrito</span> <span class='ocrx_word' id='word_1_437' title='bbox 610 4614 733 4665; x_wconf 87' lang='lat' dir='ltr'>statueret</span> <span class='ocrx_word' id='word_1_438' title='bbox 750 4612 836 4679; x_wconf 84' lang='lat' dir='ltr'>(atque</span> <span class='ocrx_word' id='word_1_439' title='bbox 852 4612 912 4665; x_wconf 91' lang='lat' dir='ltr'>ideo</span> <span class='ocrx_word' id='word_1_440' title='bbox 930 4627 989 4666; x_wconf 89' lang='lat' dir='ltr'>cum</span> <span class='ocrx_word' id='word_1_441' title='bbox 1006 4612 1168 4666; x_wconf 86' lang='lat' dir='ltr'>simulatione</span> <span class='ocrx_word' id='word_1_442' title='bbox 1185 4610 1228 4661; x_wconf 83' lang='lat' dir='ltr'>vir</span> <span class='ocrx_word' id='word_1_443' title='bbox 1245 4611 1359 4678; x_wconf 80' lang='lat' dir='ltr'>optimae</span> <span class='ocrx_word' id='word_1_444' title='bbox 1377 4613 1467 4679; x_wconf 86' lang='lat' dir='ltr'>appel-</span> 
     </span>
     <span class='ocr_line' id='line_1_44' title="bbox 310 4696 1479 4767; baseline 0 -16"><span class='ocrx_word' id='word_1_445' title='bbox 310 4698 397 4762; x_wconf 87' lang='lat' dir='ltr'>latur),</span> <span class='ocrx_word' id='word_1_446' title='bbox 414 4698 460 4751; x_wconf 91' lang='lat' dir='ltr'>sed</span> <span class='ocrx_word' id='word_1_447' title='bbox 477 4697 592 4766; x_wconf 83' lang='lat' dir='ltr'>suspicio</span> <span class='ocrx_word' id='word_1_448' title='bbox 608 4701 694 4754; x_wconf 58' lang='lat' dir='ltr'>&amp;men</span> <span class='ocrx_word' id='word_1_449' title='bbox 710 4702 767 4753; x_wconf 86' lang='lat' dir='ltr'>erat</span> <span class='ocrx_word' id='word_1_450' title='bbox 783 4715 885 4767; x_wconf 86' lang='lat' dir='ltr'>magna,</span> <span class='ocrx_word' id='word_1_451' title='bbox 902 4700 926 4752; x_wconf 91' lang='lat' dir='ltr'>si</span> <span class='ocrx_word' id='word_1_452' title='bbox 943 4715 959 4751; x_wconf 89' lang='lat' dir='ltr'>a</span> <span class='ocrx_word' id='word_1_453' title='bbox 976 4699 1069 4767; x_wconf 87' lang='lat' dir='ltr'>quibus</span> <span class='ocrx_word' id='word_1_454' title='bbox 1090 4701 1198 4761; x_wconf 87' lang='lat' dir='ltr'>emeret,</span> <span class='ocrx_word' id='word_1_455' title='bbox 1218 4699 1271 4766; x_wconf 87' lang='lat' dir='ltr'>ipsi</span> <span class='ocrx_word' id='word_1_456' title='bbox 1291 4696 1387 4750; x_wconf 74' lang='lat' dir='ltr'>vellent</span> <span class='ocrx_word' id='word_1_457' title='bbox 1403 4713 1479 4751; x_wconf 87' lang='lat' dir='ltr'>ren--</span> 
     </span>
    </p>
   </div>
   <div class='ocr_carea' id='block_1_5' title="bbox 0 0 1780 5492">
    <p class='ocr_par' dir='ltr' id='par_1_9' title="bbox 0 0 1780 5492">
     <span class='ocr_line' id='line_1_45' title="bbox 0 0 1780 5492; baseline 0 0"><span class='ocrx_word' id='word_1_458' title='bbox 0 0 1780 5492; x_wconf 95' lang='lat' dir='ltr'> </span> 
     </span>
    </p>
   </div>
  </div>
 </body>
</html>
