3550 5492
804 592 1039 656 *llo-1·

345 751 484 837 lectatur,
507 777 546 819 ne
568 754 644 839 quid
666 760 813 840 expectet,
837 755 863 817 si
886 775 978 839 quem
1000 754 1046 818 rei
1071 753 1242 837 indignitas
1267 761 1497 838 commovebat

345 858 417 923 huic
438 857 601 922 simulatae
622 855 781 939 largitioni
803 854 936 920 resistat.
982 858 1029 920 Ae
1050 857 1185 941 primum
1209 856 1246 921 de
1261 858 1373 942 oppido
1393 859 1494 942 dicam,

343 961 370 1025 si
392 961 462 1044 quis
484 965 532 1024 est
551 959 638 1039 forte,
661 979 753 1041 quem
771 956 876 1042 Capua
890 959 989 1042 magis
1011 980 1105 1045 quam
1120 959 1217 1025 Roma
1233 960 1372 1026 delectet.
1406 963 1495 1038 Quin·

343 1067 402 1144 que
428 1060 517 1124 milia
542 1059 715 1124 colonorum
753 1057 892 1143 Capuam
921 1061 1013 1126 scribi
1033 1062 1134 1127 iubet:
1168 1063 1207 1127 ad
1233 1064 1316 1128 hunc
1337 1086 1495 1147 numerum

301 1171 334 1224 77
342 1164 513 1246 quingenos
546 1161 605 1226 sibi
639 1161 756 1245 singuli
791 1167 930 1226 sumunt
980 1164 1116 1244 Quaeso,
1149 1164 1244 1229 nolite
1271 1171 1393 1230 vosmet
1420 1166 1494 1251 ipsos

343 1267 510 1333 consolari:
532 1287 603 1331 vere
626 1272 658 1330 et
679 1266 844 1349 diligenter
864 1266 1063 1331 considerate.
1107 1266 1191 1331 Num
1213 1267 1299 1332 vobis
1329 1275 1386 1333 aut
1407 1269 1493 1334 vestri

342 1369 506 1451 similibus,
521 1369 659 1452 integris,
675 1370 800 1452 quietis,
823 1368 930 1434 otiosis
945 1367 1122 1433 hominibus
1135 1368 1169 1431 in
1184 1369 1240 1432 hoe
1254 1390 1385 1434 numero
1400 1370 1492 1434 locum

341 1473 403 1536 lore
432 1470 570 1555 putatis?
620 1471 655 1534 Si
677 1476 724 1536 est
751 1471 894 1535 omnibus
922 1471 1024 1552 vobis,
1054 1471 1080 1534 si
1108 1469 1217 1534 maiori
1239 1477 1380 1537 vestrum
1402 1475 1491 1557 parti,

341 1595 529 1658 quamquam
550 1595 599 1637 me
614 1578 716 1638 vester
730 1573 826 1638 honos
847 1573 976 1656 vigilare
998 1574 1063 1638 dies
1075 1581 1166 1658 abque
1188 1580 1292 1639 noctes
1316 1582 1347 1640 et
1367 1576 1491 1643 intentis

299 1687 301 1690 ’
342 1676 438 1741 oculis
469 1697 574 1741 omnes
596 1676 782 1762 reipublicae
810 1683 914 1761 partes
943 1678 1058 1742 intueri
1080 1678 1180 1760 iubet,
1203 1684 1308 1742 tamen
1329 1679 1490 1764 paulisper,

339 1780 367 1844 si
389 1780 434 1843 ita
455 1781 648 1845 commodum
670 1786 808 1845 vestrum
829 1782 898 1862 lert,
921 1780 1098 1845 connivebo.
1137 1780 1199 1844 Sed
1224 1779 1251 1843 si
1283 1781 1422 1866 quinque
1442 1783 1490 1846 ho

338 1882 460 1947 minum
481 1883 608 1948 milibus
630 1882 669 1947 ad
690 1883 766 1966 vim,
788 1882 910 1946 facinus
933 1882 1117 1965 caedemque
1146 1880 1270 1946 delectis
1295 1881 1382 1948 locus
1405 1889 1490 1968 atque

423 2063 548 2104 delectatur.
561 2082 587 2092 -
600 2065 653 2113 reip.
666 2064 768 2112 diqattur.
781 2083 806 2092 -
820 2067 907 2103 summa
923 2084 946 2091 —
960 2063 993 2102 ll,
1003 2065 1070 2111 seret

337 2189 405 2258 quod
421 2191 493 2257 prius
511 2190 544 2243 de
562 2191 696 2244 commodo
714 2207 791 2260 quam
809 2191 841 2244 dc
858 2192 984 2260 dignitate
1002 2191 1078 2244 dicat.
1115 2188 1167 2242 Sed
1190 2188 1259 2257 quod
1277 2185 1355 2255 paulo
1379 2187 1440 2252 post
1454 2181 1490 2237 rei

336 2275 492 2344 indignitate
510 2277 644 2341 edidimus,
661 2278 767 2331 lecimus
791 2277 859 2330 haud
882 2278 960 2331 dubia
978 2278 1092 2331 codicum
1116 2275 1269 2328 auctoritate
1286 2272 1364 2335 moti,
1387 2270 1489 2323 fecimus

335 2361 413 2413 etiam
433 2363 670 2414 sententiaeeausa.
697 2362 762 2414 Nam
781 2379 823 2416 ree
840 2367 881 2416 est
899 2365 954 2431 agri
963 2363 1087 2431 campani
1105 2362 1205 2425 divisio,
1223 2361 1349 2427 temptata
1368 2357 1402 2410 ab
1410 2355 1489 2411 Rullo.

335 2447 421 2500 Facile
439 2448 518 2516 igitur
534 2448 714 2517 Wesenbergii
731 2448 764 2500 ad
782 2448 835 2502 Cic.
853 2465 879 2518 p.
899 2449 966 2503 Sest.
984 2465 1010 2517 p.
1028 2449 1062 2501 47
1080 2448 1225 2501 coniectura
1242 2458 1372 2507 caremus,
1394 2443 1439 2515 qui
1454 2439 1490 2493 rei

335 2533 487 2602 dtqnitotem
505 2535 574 2596 (nam
591 2535 630 2587 sie
648 2534 709 2586 olim
727 2533 861 2598 edebatur)
879 2549 930 2586 non
947 2534 1032 2586 ferens
1051 2532 1155 2600 scripsit
1170 2530 1246 2599 reip,
1255 2529 1272 2581 i.
1288 2543 1310 2580 e.
1329 2524 1489 2594 reipublicae,

335 2618 457 2687 diqaitoe.
500 2619 529 2671 ld
558 2635 590 2672 uc
623 2624 711 2687 aptum
739 2619 840 2688 quidem
866 2619 967 2673 ridetur
995 2633 1066 2681 esse,
1094 2618 1155 2684 quia
1178 2613 1354 2667 commovendi
1387 2612 1489 2692 verbum

333 2703 376 2756 rel
398 2704 432 2756 ad
457 2705 522 2757 iram
539 2705 651 2773 pertinet
672 2705 713 2758 vel
740 2704 928 2769 adimerem,
955 2719 1062 2773 quorum
1089 2704 1207 2754 neutrum
1235 2699 1362 2769 dignitate
1389 2695 1490 2750 excitari

333 2794 427 2863 potest.
453 2818 488 2829 -
514 2791 612 2859 siquis
636 2799 687 2856 eet,
705 2807 779 2860 quero
809 2819 843 2828 —
869 2790 982 2844 delectet.
1023 2789 1080 2842 Etsi
1103 2787 1186 2841 omnis
1208 2785 1324 2838 codicum
1348 2776 1489 2835 nostrerum

334 2877 472 2929 auctoritas
490 2881 576 2930 tuetur
593 2876 768 2940 indicativum,
786 2876 904 2928 recedere
921 2878 1007 2927 tamen
1031 2889 1088 2925 eum
1107 2872 1140 2925 ab
1158 2886 1206 2923 usu
1224 2869 1343 2922 Tulliano
1366 2867 1489 2935 intelligo,

333 2961 504 3017 iacileetiam
528 2979 614 3017 errore
636 2963 798 3016 librariorum
815 2963 925 3016 existere
942 2960 1066 3029 potuisse.
1101 2955 1259 3010 Erfurteusis
1282 2953 1387 3023 quidem
1411 2952 1489 3007 codex

333 3048 411 3101 habet
427 3049 625 3102 coniunctivum.
642 3074 676 3087 —
694 3049 732 3100 od
747 3047 814 3100 bunc
825 3062 959 3101 aurmruru
974 3043 1114 3112 quingenos
1130 3042 1147 3095 i.
1158 3057 1180 3094 e.
1198 3042 1227 3093 ut
1243 3039 1286 3092 hic
1298 3053 1421 3092 numerus
1438 3034 1488 3099 eili-

333 3133 426 3196 ciatur,
444 3133 538 3201 singuli
566 3131 642 3184 Xuiri
663 3131 714 3184 sibi
735 3131 877 3199 quingenos
900 3136 1009 3183 sumant.
1050 3126 1094 3180 Sie
1115 3126 1182 3179 enim
1207 3123 1333 3178 edendum
1350 3123 1415 3193 fuit,
1441 3137 1487 3177 nou

332 3222 438 3269 ament.
472 3217 538 3268 Illud
557 3215 590 3268 ad
606 3217 689 3284 ipsam
706 3216 789 3283 legem
807 3217 932 3283 pertinet,
949 3216 977 3267 in
995 3230 1046 3283 qua
1068 3211 1099 3264 de
1123 3211 1220 3264 colonis
1238 3209 1377 3277 Campanis
1396 3222 1486 3278 aequa-

332 3299 391 3351 liter
409 3300 552 3364 dividendis
569 3300 692 3367 scriptum
709 3300 794 3363 luerit,
811 3299 964 3352 hoeXriros
981 3299 1018 3350 ita
1033 3298 1134 3351 iniussu
1153 3296 1219 3364 legis
1237 3311 1291 3349 rem
1309 3310 1366 3348 esse
1385 3293 1489 3347 admini-

332 3385 458 3435 straturos
475 3381 611 3450 significat.
638 3382 713 3446 Quod
724 3386 809 3435 autem
821 3384 961 3452 quinqcaoe
973 3383 1131 3452 scripsimus,
1149 3383 1216 3435 ratio
1233 3386 1304 3437 eerta
1315 3385 1370 3446 est3
1389 3381 1487 3436 codices

331 3466 498 3535 quidemms.
516 3481 604 3519 omnes
622 3466 815 3535 quiuquaqeaoa
832 3468 937 3533 babent,
954 3469 998 3538 qui
1016 3483 1087 3523 error
1104 3483 1136 3522 ex
1154 3473 1216 3522 nota
1238 3468 1366 3522 numerali
1389 3467 1487 3521 videtur

330 3552 454 3607 extitisse.

416 3641 457 3694 77.
474 3647 570 3694 coornet
587 3641 657 3710 apros
675 3641 812 3705 emactari,
830 3641 847 3694 i.
857 3656 879 3694 e.
893 3639 973 3694 nolite
991 3638 1113 3704 dolorem,
1131 3654 1207 3707 qoem
1224 3654 1257 3691 ex
1275 3637 1415 3690 dividendo
1427 3648 1486 3706 agro

329 3726 460 3793 campano
477 3741 569 3795 capere
587 3726 694 3792 debetis,
712 3742 742 3780 co
761 3727 901 3792 consolari,
924 3725 1068 3796 quodcum
1091 3725 1124 3778 ad
1147 3726 1249 3794 plebem
1266 3726 1411 3779 Romanam
1432 3739 1486 3793 per-

328 3814 464 3864 venturum
487 3826 545 3864 esse
565 3812 669 3879 putetis,
704 3812 756 3865 Sed
778 3829 824 3866 cur
848 3814 884 3865 ait
907 3819 1004 3865 coornet
1025 3811 1117 3881 ipsos⁹
1142 3827 1187 3864 cur
1209 3827 1261 3864 non
1284 3810 1371 3878 potius
1394 3813 1487 3863 vorant

328 3897 400 3965 apsi?
429 3896 495 3948 Nam
513 3896 557 3949 ubi
573 3896 713 3965 pronomen
731 3898 787 3966 ipre
805 3904 911 3967 propter
928 3900 1082 3952 sententiam
1100 3913 1151 3951 non
1169 3914 1273 3953 necesse
1291 3900 1332 3951 est
1349 3897 1432 3952 alium
1446 3910 1485 3949 oa·

328 4000 385 4038 sum
402 3985 484 4053 sequi,
502 3985 686 4039 nominativum
705 3987 829 4054 praeferri
847 3987 930 4041 solere
948 3986 1063 4038 constat:
1082 3999 1160 4052 quare
1173 3984 1277 4037 dubium
1290 3999 1342 4036 non
1359 3985 1409 4047 est,
1426 3981 1485 4050 quin

327 4071 353 4123 h.
371 4071 388 4123 l.
406 4072 520 4138 potuerit
537 4072 588 4124 dici
607 4079 705 4125 vouaet
720 4073 779 4142 ipsi.
815 4073 869 4126 Nee
886 4076 974 4125 tamen
991 4069 1037 4122 illa
1063 4069 1221 4123 consuetudo
1239 4073 1361 4122 constans
1380 4072 1422 4121 est
1441 4081 1485 4119 nee

326 4155 369 4208 hie
386 4157 503 4209 codicum
520 4170 659 4210 consensus
676 4158 811 4227 quiequam
828 4161 924 4213 mutari
940 4157 1046 4225 patitur.
1074 4155 1113 4210 Ol.
1131 4156 1197 4209 inira
1209 4156 1266 4221 §79
1285 4155 1374 4209 deludi
1390 4159 1486 4207 vosmet

327 4240 398 4308 apros
415 4239 514 4291 diutius
531 4255 549 4290 a
567 4238 669 4292 tribuae
682 4240 767 4310 plebio
779 4243 938 4311 potiemini?
962 4241 1108 4310 Eademque
1124 4243 1191 4294 ratio
1208 4246 1249 4296 est
1265 4241 1424 4310 paulopost,
1441 4238 1484 4291 ubi

328 4339 415 4376 omnes
432 4324 492 4377 libri
508 4340 556 4376 me.
574 4325 696 4379 exhibent
707 4327 772 4395 sert,
789 4326 906 4382 luntinue
929 4327 1028 4392 editor,
1047 4327 1115 4396 quod
1133 4331 1239 4396 propter
1259 4328 1373 4381 futurum
1397 4340 1485 4380 eonsc-

327 4422 408 4476 quens
426 4407 563 4461 connivebo
580 4408 714 4464 Latinitati
730 4412 812 4478 magis
829 4411 966 4465 convenire
982 4414 1090 4481 putarit,
1102 4413 1176 4482 seret
1192 4414 1344 4469 emendavit.
1380 4411 1434 4466 Sed
1445 4410 1484 4464 Oi-

326 4508 384 4559 cero
402 4493 440 4545 sie
456 4492 558 4546 videtur
575 4494 685 4549 damae:
701 4497 724 4548 ei
742 4512 809 4549 nunc
826 4499 888 4552 mibi
906 4498 1066 4567 persuadetis
1084 4499 1111 4552 id
1122 4516 1179 4555 esse
1191 4517 1224 4554 ex
1242 4517 1302 4565 usu,
1320 4501 1404 4568 legem
1418 4501 1483 4552 hanc

326 4577 388 4630 ferri
405 4578 496 4646 patiar.
523 4578 683 4653 Quamquam
700 4579 844 4659 complures
861 4597 961 4637 errores
980 4584 1089 4638 leviores
1106 4601 1153 4653 per
1170 4587 1238 4640 hunc
1255 4587 1340 4647 locum
1352 4586 1483 4655 reperiun-

325 4665 368 4717 tur
383 4663 410 4719 in
427 4665 545 4729 omnibus
567 4664 641 4719 libris
658 4680 705 4720 ms.
735 4664 835 4722 <Omnes
858 4669 927 4727 euim
949 4669 1046 4725 habeut
1066 4672 1160 4724 ocante
1182 4672 1321 4739 similibus,
1344 4689 1424 4741 quom
1443 4684 1482 4724 me
