3550 5492
707 595 920 660 -29-

235 757 357 821 minem
373 776 495 827 ,novum
516 756 672 821 consulem
693 756 808 821 lecistis
831 763 862 820 et
890 775 962 820 eum
986 754 1103 840 locum,
1132 732 1223 843 qbem
1250 763 1396 830 nobilitas

235 861 397 924 firmatum
413 867 505 944 abque
521 860 607 924 omni
620 860 738 924 ratione
759 859 950 924 obvallatum
971 862 1111 944 tenebat,
1133 885 1183 928 me
1206 864 1281 930 duee
1302 867 1397 932 resei-

236 961 330 1026 distis
352 961 521 1045 virtutique
543 961 577 1024 in
598 966 755 1046 posterum
783 968 887 1045 potore
909 947 1061 1050 voluistis.
1103 964 1165 1028 Neo
1187 988 1236 1031 me
1258 974 1396 1034 tantum·

236 1064 328 1131 modo
355 1064 529 1146 consulem,
558 1065 639 1149 quod
660 1065 764 1150 ipsum
792 1074 840 1131 est
866 1089 922 1154 per
945 1089 977 1132 se
999 1068 1243 1154 amplissimum,
1271 1073 1325 1138 sed
1352 1075 1398 1138 ita

235 1166 366 1250 fecistis,
389 1186 448 1251 qno
469 1163 559 1260 modo
580 1166 672 1250 pauci
694 1166 835 1232 eonsules
857 1169 891 1233 in
914 1170 972 1233 hae
994 1170 1119 1235 civitate
1140 1173 1213 1237 iacti
1235 1181 1318 1258 sunt,
1341 1196 1396 1240 no-

235 1291 296 1335 vus
314 1275 387 1334 ante
406 1290 456 1333 me
478 1289 579 1334 nemo.
611 1268 692 1334 Nem
706 1270 839 1354 profecto
861 1271 889 1335 si
904 1271 1055 1336 recordari
1073 1271 1232 1339 volueritis
1255 1272 1293 1339 de
1307 1277 1428 1342 norisii

188 1401 193 1407 ·
234 1371 431 1454 hominibus,
453 1371 612 1457 reperietis
634 1391 701 1452 eos,
723 1371 777 1455 qui
800 1372 868 1436 sine
890 1373 1015 1459 repulsa
1042 1375 1182 1440 consules
1210 1376 1283 1441 facti
1312 1385 1396 1460 sunt,

234 1473 385 1540 diuturno
405 1475 509 1540 labore
536 1481 628 1559 atque
656 1475 760 1558 aliqua
782 1477 938 1542 occasione
966 1498 1033 1542 esse
1055 1480 1167 1560 factos,
1195 1499 1267 1543 oum
1287 1481 1396 1546 multis

233 1584 307 1664 post
328 1580 420 1670 annis
442 1581 610 1667 petissent,
633 1583 904 1664 quam'praetores
926 1580 1075 1662 fuissent,
1104 1580 1263 1664 eliquanto
1285 1583 1396 1665 serius,

234 1703 332 1767 quam
360 1703 416 1769 per
444 1690 575 1749 aetatm
604 1705 640 1748 ac
667 1704 722 1769 per
750 1682 832 1766 loges
859 1680 981 1757 liceret:
1014 1682 1069 1766 qui
1098 1677 1202 1747 autem
1230 1703 1312 1768 anno
1340 1706 1397 1750 suo

208 1849 210 1853 ,
233 1784 403 1871 petierunt,
425 1785 495 1851 sine
515 1785 641 1872 repulsa
661 1807 723 1850 non
739 1806 805 1850 csse
827 1785 939 1849 iactos:
962 1805 1012 1849 me
1033 1805 1102 1849 esse
1116 1806 1217 1851 unum
1238 1806 1276 1850 ex
1297 1788 1397 1852 omni-

234 1889 296 1953 bus
316 1889 406 1954 novis
431 1888 620 1972 hominibus,
643 1889 683 1956 de'
703 1890 815 1974 quibus
837 1888 1018 1953 meminisse
1039 1909 1220 1976 possumus,
1247 1891 1304 1974 qui
1325 1912 1397 1958 con-

234 1989 376 2055 sulatum
396 1989 555 2074 petierim,
584 2011 654 2054 oum
681 1990 819 2077 primum
846 1990 968 2056 licitum
989 1991 1045 2074 sit,
1069 1994 1175 2058 consul
1203 1993 1303 2057 factus
1325 1993 1396 2076 sim,

234 2091 466 2178 cumprimum
486 2093 644 2177 petierim,
675 2099 712 2158 ut
732 2100 834 2159 vester
861 2094 958 2160 honos
985 2095 1025 2159 ad
1053 2097 1114 2160 mei
1141 2096 1288 2182 temporis
1315 2097 1396 2162 diem

233 2195 361 2293 petitos,
384 2197 625 2288 non·'oocasione
647 2197 846 2283 interceptus,
868 2219 925 2262 neo
947 2198 1104 2264 diuturnis
1118 2200 1259 2285 precibus
1281 2199 1397 2284 efflagi-

293 2373 295 2377 ’
321 2358 343 2402 8.
355 2359 457 2401 nomae
466 2361 586 2410 praesidiis
595 2362 715 2410 stratarum
728 2364 820 2410 -qnod
834 2366 866 2403 ert
877 2363 947 2412 ipsam
957 2371 1000 2412 per
1013 2372 1058 2405 rese
1071 2363 1231 2413 amplissimam
1244 2383 1270 2394 -
1279 2365 1348 2414 pasci
1359 2374 1397 2404 no·

235 2429 293 2489 tries
301 2429 325 2468 ie
337 2429 381 2496 hae
392 2430 477 2470 einim
495 2431 591 2470 amieo
599 2432 666 2477 sacri.
682 2450 708 2461 -
729 2433 767 2479 qni
780 2430 866 2483 [annm]
881 2443 946 2472 anno.
966 2451 991 2461 -
1008 2434 1118 2481 perierant.
1136 2450 1162 2461 -
1175 2433 1290 2481 poenaeue.
1311 2452 1337 2463 -
1354 2443 1395 2472 non

234 2500 266 2538 aa
281 2498 368 2538 menae
377 2500 488 2548 petitionis
500 2502 631 2540 mnasonem
643 2501 778 2550 inter-ceptus.

233 2627 338 2681 labores
355 2627 480 2698 militares
497 2628 599 2694 inerint,
617 2634 703 2683 notum
722 2633 771 2695 est,
788 2629 947 2684 occasionem
967 2633 1050 2682 autem
1069 2629 1227 2698 adipiscendi
1248 2630 1395 2685 consulatus

233 2714 327 2767 habuit
343 2729 377 2768 ex
393 2714 462 2768 bello
478 2715 636 2783 Iugurthino.
662 2715 727 2767 Item
745 2715 775 2768 Τ.
792 2714 891 2777 Didius,
910 2728 962 2766 cos,
981 2729 1039 2771 ann,
1049 2713 1091 2777 98,
1107 2714 1159 2765 iam
1178 2729 1245 2767 anno
1261 2713 1311 2767 113
1322 2730 1396 2782 prae-

234 2801 320 2850 turam
347 2803 464 2867 gesserat
485 2798 640 2863 (comment
663 2796 840 2867 epigraph-II
856 2814 883 2866 p.
902 2799 981 2862 171),
1007 2797 1034 2851 O.
1053 2797 1154 2850 Caelius
1173 2797 1267 2852 Caldus
1294 2798 1395 2868 quando

235 2885 355 2951 gesserit,
370 2885 516 2952 ignoratum
534 2884 579 2938 sed
596 2886 664 2937 hunc
686 2899 787 2953 quoque
809 2885 865 2937 sine
887 2884 992 2953 repulsa
1009 2900 1061 2938 cos.
1084 2883 1180 2936 iactum
1203 2898 1260 2937 esse
1281 2883 1395 2936 indicare

234 2969 338 3022 ridetur
349 2968 379 3033 Q.
390 2967 442 3022 (lic
452 2968 484 3021 de
496 2970 568 3037 petit
578 2983 630 3022 cos.
640 2968 665 3033 3,
676 2956 717 3021 11.
735 2967 894 3039 Quamquam
906 2968 977 3036 quod
986 2984 1030 3024 eos
1048 2985 1129 3022 novos
1146 2969 1272 3034 hominos,
1288 2969 1331 3037 qui
1348 2984 1395 3021 sno

234 3069 304 3108 anno
322 3054 456 3123 petissent,
472 3056 602 3124 repulsam
620 3054 710 3107 tulisse
729 3054 772 3118 ait,
790 3054 822 3106 de
840 3054 898 3107 aliis
920 3054 997 3106 etiam
1014 3069 1073 3106 cum
1090 3054 1204 3122 cogitare
1221 3053 1344 3106 videmus⁴
1362 3081 1396 3091 -

231 3141 373 3210 petierant.
407 3141 455 3194 list
471 3141 520 3195 hoc
538 3146 626 3195 contra
644 3140 699 3194 cod.
718 3141 904 3205 auctoritatam,
921 3140 966 3208 qui
984 3156 1071 3194 omnes
1088 3139 1276 3192 coniunctivum
1293 3139 1398 3193 habent

235 3226 290 3280 Nec
307 3229 399 3279 tamon·
410 3241 469 3279 eum
491 3226 624 3279 ferendum
650 3242 708 3280 csse
729 3240 829 3279 censeo.
873 3224 941 3277 Nam
963 3240 1020 3277 cum
1045 3239 1170 3278 novorum
1191 3224 1323 3277 hominum
1344 3222 1396 3276 duo
1433 3225 1435 3229 ’
1456 3218 1458 3222 ’

235 3328 333 3382 genera
348 3314 543 3379 constituantur,
559 3330 639 3367 unum
655 3329 752 3379 eornm,
769 3314 813 3382 qui
830 3312 886 3366 sine
903 3311 1008 3380 repulsa
1024 3311 1087 3364 facti
1104 3311 1163 3376 sint,
1181 3310 1288 3363 alterum
1300 3317 1396 3374 eorum,

233 3389 279 3469 qui
296 3415 344 3453 suo
362 3415 429 3453 anno
446 3401 568 3468 petierint
585 3417 615 3453 ac
632 3401 761 3469 repulsam
778 3400 890 3463 tulerint,
908 3386 1028 3468 quoniam
1044 3399 1072 3451 in
1094 3399 1146 3451 illis
1164 3396 1340 3465 significandis
1356 3398 1395 3450 in·

234 3486 362 3540 danius
379 3487 491 3555 ponitur,
507 3491 537 3540 nt
553 3488 621 3542 idem
638 3487 729 3540 modus
746 3488 774 3543 in
791 3486 832 3539 his
850 3470 1002 3538 adhibeatur
1014 3483 1176 3553 aequalitatis
1188 3484 1254 3535 ratio
1273 3482 1395 3551 postulat.

232 3572 324 3641 Neque
340 3571 424 3626 hercle
441 3558 472 3626 in'
486 3572 585 3625 tantula
598 3589 627 3625 re
644 3572 720 3625 nimis
739 3572 814 3624 anxie
827 3569 927 3624 codices
945 3570 1147 3632 observabimus,
1164 3583 1197 3628 es
1215 3568 1395 3635 quibusquam

233 3672 267 3709 ne
290 3655 409 3710 meliores
432 3656 535 3726 quidem
557 3657 651 3726 ubique
673 3657 802 3709 erroribus
826 3660 945 3722 careant,
963 3672 993 3709 eo
1009 3655 1191 3723 intelligimus,
1213 3651 1283 3720 quod
1304 3649 1360 3702 cod.
1378 3650 1394 3701 9

234 3743 339 3811 aliique,
353 3743 400 3811 'qui
417 3752 496 3812 saepe
514 3759 570 3796 cum
588 3759 618 3797 eo
636 3744 807 3806 consentiunt,
825 3740 960 3810 alquanto
977 3739 1088 3807 inferint
1100 3754 1177 3806 qnam
1194 3762 1228 3773 -
1247 3734 1336 3803 liceret
1351 3748 1395 3786 ex-

232 3827 332 3880 hibant
365 3826 454 3880 Fuerit
474 3827 512 3879 ita
533 3829 561 3881 in
579 3825 725 3900 dpqev'arrq,
747 3826 794 3878 scd
815 3829 884 3879 recte
907 3824 1068 3878 emendatum
1091 3836 1148 3875 esse
1166 3821 1275 3882 constat,
1292 3817 1323 3870 cf.
1342 3817 1394 3872 Cic.

232 3913 310 3982 epist
318 3911 379 3978 XV,
390 3915 440 3978 1‚4
459 3914 543 3966 cerins
560 3929 638 3982 worn
656 3912 755 3974 decuit·
772 3911 849 3976 111,9,
864 3913 881 3964 4
901 3911 1009 3963 Omnino
1027 3906 1189 3963 ominemini
1205 3905 1306 3957 litiano
1318 3921 1395 3972 qnam

232 3997 332 4050 vellem
367 3997 464 4050 Verum
480 3997 646 4051 indicativum
664 3996 741 4049 ctiam
759 4000 850 4064 postea
868 4012 957 4051 omncs
975 3995 1030 4048 cod.
1048 3994 1112 4062 Lag.
1131 3995 1233 4045 tuentm
1255 3990 1287 4043 dc
1304 3990 1395 4059 quibas

232 4083 379 4136 maniniesc
392 4100 529 4153 possamus
547 4087 623 4152 atquc
639 4086 680 4136 est
696 4083 719 4135 is
744 4081 827 4151 aptior
844 4097 920 4149 quam
938 4078 1122 4131 coniunctione.
1161 4075 1228 4129 Nam
1245 4075 1293 4128 hoc
1310 4074 1395 4143 posito
1418 4076 1421 4081 ’

233 4171 319 4239 magis
337 4187 425 4225 omnes
443 4171 579 4232 memoriae
597 4185 659 4224 suae
681 4169 798 4222 homines
819 4181 900 4219 novos
923 4167 968 4216 aut
985 4163 1115 4231 repulsam
1132 4161 1223 4215 tulisse
1246 4164 1290 4214 aut
1312 4161 1394 4214 serius

233 4272 312 4325 quam
330 4272 377 4325 per
394 4258 478 4326 legem
495 4257 600 4312 Villiam
625 4255 742 4308 annalem
763 4255 853 4306 liceret
875 4251 957 4304 factos
975 4265 1032 4304 esse
1056 4247 1195 4318 significat:
1220 4247 1394 4313 coniunctivae
1426 4305 1428 4311 ,

232 4341 303 4394 ultra
321 4344 469 4396 memoriam
488 4357 562 4396 suam
578 4341 689 4393 fortasse
708 4340 807 4408 aliquos
825 4353 872 4391 suo
884 4353 951 4389 anno
969 4336 1051 4389 iactos
1063 4350 1121 4388 esse
1132 4334 1256 4388 concedit
1274 4361 1308 4372 -
1321 4350 1394 4386 occo·

233 4425 315 4479 eiorre.
351 4425 425 4490 Quod
443 4427 526 4479 adhuc
543 4440 576 4477 er
593 4424 711 4478 omnibns
728 4427 830 4498 praeter
847 4423 910 4491 Lag.
923 4424 939 4476 9
951 4422 1081 4475 codicibus
1099 4416 1222 4474 edebatur
1240 4420 1277 4472 nd
1292 4420 1394 4472 alienae

229 4511 368 4580 petitionis
386 4513 554 4575 occasionem,
571 4511 616 4564 rix
633 4509 752 4561 ridentur
768 4509 921 4577 interpretes
938 4513 1006 4562 recte
1024 4509 1139 4576 potuisse
1156 4507 1292 4575 explicare.
1327 4504 1394 4567 Nam

233 4597 347 4665 primum
365 4598 427 4667 qnid
445 4602 485 4651 est
500 4598 656 4666 intercepere
673 4595 710 4647 ad
726 4596 905 4649 occasionem?
926 4595 1026 4649 Dicitur
1043 4595 1160 4648 saueod
1170 4594 1238 4646 diem
1254 4594 1272 4645 i.
1281 4608 1303 4645 e.
1316 4595 1393 4655 esra,

232 4682 390 4750 praestituta
407 4682 458 4747 die,
474 4683 546 4737 volnt
560 4683 589 4735 in
598 4681 671 4735 Verr.
680 4679 714 4745 11,
724 4680 749 4746 2,
766 4681 783 4734 5
800 4681 905 4749 qnando
922 4682 970 4734 illa
981 4681 1143 4750 frumentun
1159 4708 1193 4718 -
1209 4694 1262 4733 non
1278 4677 1316 4730 nd
1326 4676 1394 4730 diem
