3550 5492
849 613 929 659 XXIX

334 799 344 832 ,
374 752 448 816 3et
471 752 527 835 11,
556 753 651 816 191
674 753 730 833 17,
759 753 967 834 44111,1.
1011 750 1173 835 Similique
1203 772 1239 814 ex
1262 772 1372 835 genere
1393 761 1468 819 sunt
1539 798 1551 816 .

306 861 478 947 compluria
503 863 613 946 verba,
636 883 715 948 quae
736 864 781 945 Il,
805 862 862 942 33,
885 863 924 928 91
955 863 1022 927 sine
1050 862 1130 945 ullo,
1158 883 1219 947 quo
1247 884 1319 929 cum
1348 863 1467 949 reliqua

307 975 444 1040 oratione
478 977 674 1058 cohaereant,
707 975 831 1055 vinculo
864 975 1045 1040 inseruntur
1073 998 1135 1038 noa
1162 962 1363 1055 causatione,
1406 1000 1467 1040 111

307 1089 474 1151 ambitione
495 1091 662 1161 discordes,
684 1092 715 1151 et
736 1108 815 1172 quae
836 1087 881 1168 ΙΙ,
906 1087 962 1168 35,
986 1088 1027 1150 96
1050 1086 1084 1149 11
1106 1087 1331 1172 comparatione
1353 1083 1467 1150 Romae

307 1203 341 1262 et
356 1197 477 1284 Capuae
500 1199 704 1265 adiiciuntur:
727 1222 825 1282 apros
851 1223 924 1263 vero
958 1201 1140 1262 Vaticanum
1162 1209 1190 1261 et
1211 1197 1377 1282 Pupiniam
1399 1221 1467 1262 eam

307 1313 372 1373 suis
400 1314 523 1395 optimis
551 1322 642 1395 111111
675 1313 838 1375 uberimas
871 1313 989 1394 campis
1028 1309 1229 1391 conferendos
1263 1309 1376 1385 scilicet
1404 1331 1466 1371 aon

303 1424 472 1505 patebunt,
510 1425 694 1507 oppidorum
729 1433 831 1485 autem
853 1423 1060 1508 finitimorum
1088 1422 1210 1503 copiam
1244 1397 1312 1482 oum
1333 1422 1390 1482 bac
1407 1441 1467 1502 per

305 1535 403 1595 risum
433 1555 470 1597 ac
497 1537 599 1597 111111
632 1535 825 1604 contendent,
858 1531 971 1615 quibus
1004 1530 1078 1594 locis
1105 1530 1205 1615 ipsam
1236 1525 1329 1613 prope
1363 1549 1467 1592 vocem

306 1650 395 1708 notas
423 1644 564 1708 addentis
591 1643 711 1708 librarii
737 1644 843 1708 audire
866 1642 998 1708 videare.
1042 1642 1148 1726 Neque
1175 1639 1275 1725 specie
1302 1639 1466 1720 doctrinae,

305 1774 386 1835 quae
414 1753 470 1820 hoo
498 1762 634 1821 extremo
662 1754 726 1821 loco
754 1754 909 1840 imprimis
937 1759 1078 1839 apparet,
1115 1751 1215 1838 decipi
1240 1756 1373 1836 oportet,
1410 1750 1467 1814 hoo

310 1871 435 1930 tantuin
466 1852 691 1949 intelligemus,
713 1865 770 1929 illa
797 1842 868 1929 cum
891 1864 996 1930 addita
1025 1864 1107 1945 sint,
1145 1863 1184 1928 ab
1212 1863 1331 1928 erudito
1364 1862 1466 1947 aliquo

310 1975 435 2041 homine
456 1997 522 2041 esse
544 1976 658 2042 addite.
701 1976 827 2041 Etenim
848 1976 978 2060 cognita¹
992 1974 1087 2040 semel
1109 1975 1167 2038 hac
1190 1974 1327 2039 codicum
1349 1973 1467 2038 ratione

308 2086 557 2172 deprehensaque
586 2089 693 2169 111111,
722 2088 759 2151 de
788 2087 900 2172 quibus
928 2087 1063 2152 dubitari
1090 2107 1153 2151 non
1179 2086 1290 2173 possit,
1319 2084 1467 2170 exemplis

306 2198 413 2262 fraude
435 2197 492 2263 hob
514 2199 622 2284 ntique
643 2198 821 2264 faciendum
841 2205 905 2281 est,
928 2203 963 2263 11
983 2204 1159 2263 constanter
1179 2203 1280 2262 totum
1301 2195 1358 2261 hoo
1369 2215 1470 2279 genus,

311 2309 501 2394 expellamus
529 2312 670 2396 quodque
696 2311 804 2375 'abesse
831 2311 944 2394 possit,
974 2311 1080 2375 abesse
1112 2315 1249 2398 oportere
1282 2312 1464 2372 statuamus.

309 2422 409 2497 Quare
419 2423 457 2503 Π,
474 2423 526 2504 29,
542 2422 585 2488 80
607 2422 777 2508 compluria
798 2423 901 2504 verba,
924 2441 1003 2507 quae
1025 2422 1064 2486 ab
1086 2441 1149 2486 uno
1171 2419 1354 2502 ood.Lag.9
1377 2419 1466 2482 abes·

261 2579 268 2590 2
305 2537 386 2614 sent,
406 2554 476 2604 cum
492 2534 596 2598 abesse
611 2534 699 2619 posse
713 2532 988 2616 intellexissemus,
1010 2533 1077 2598 sine
1093 2531 1284 2597 dubitatione
1307 2530 1463 2594 eiecimus.

309 2643 386 2720 Quis
409 2644 493 2709 enim
514 2667 576 2710 non
598 2646 692 2727 videt,
715 2666 803 2730 posse
825 2646 865 2709 ab
886 2646 1053 2731 interprete
1081 2644 1262 2728 excogitari,
1291 2663 1370 2727 quae
1399 2641 1466 2706 sine
1590 2714 1592 2719 ⁴

307 2754 481 2820 sententiae
510 2756 693 2821 detrimento
721 2756 823 2821 verbis
857 2756 1013 2841 scriptoris
1041 2753 1237 2820 inserantur?
1280 2754 1373 2832 Raro
1399 2759 1464 2818 tam

305 2866 428 2950 copiosa
449 2869 496 2929 est
517 2844 623 2948 oratio,
645 2871 681 2929 ut
702 2865 825 2930 nullum
845 2865 1030 2930 uocabulum
1052 2866 1124 2930 eddi
1145 2865 1259 2951 possit,
1281 2885 1349 2929 raro
1372 2884 1463 2946 argur-

307 2985 424 3057 mente,
447 2975 560 3059 quibus
583 2974 829 3040 additamentum
857 2995 1019 3060 coarguas,
1047 2976 1122 3040 adeo
1147 2976 1189 3045 ad
1216 2974 1465 3060 persuadendum

308 3093 384 3152 sunt
397 3086 579 3167 necessarie,
595 3085 733 3151 utnulla
749 3106 907 3178 superesse
921 3087 1020 3172 possit
1034 3087 1206 3152 dubitatioz.
1222 3107 1316 3171 quare
1331 3083 1464 3150 auotori-

269 3195 274 3203 '
305 3197 364 3263 tati
385 3196 520 3262 multum
543 3198 583 3271 in
610 3198 667 3263 hoo
689 3219 798 3282 genere
820 3199 880 3264 erit
907 3198 1108 3275 tribuendum
1136 3199 1367 3283 constantiaque
1389 3197 1462 3262 reti-

305 3309 418 3390 nenda,
441 3304 508 3372 sine
529 3330 591 3393 qua
612 3308 701 3374 nulla
721 3309 856 3374 recensio
878 3314 960 3374 11111
981 3310 1173 3376 instituatur.
1209 3331 1215 3341 ·

395 3420 587 3504 Quamquam
616 3441 676 3510 quo
703 3427 792 3506 pacto
820 3427 895 3486 nata
921 3421 985 3486 sint
1009 3423 1100 3504 haec,
1128 3421 1166 3486 de
1195 3422 1312 3507 quibus'
1330 3422 1461 3507 agimus,

306 3533 531 3617 additamenta,
562 3533 779 3599 difficillimum
802 3540 848 3600 cst
870 3535 965 3600 dictu.
1008 3535 1113 3621 Neque
1142 3536 1226 3600 enim
1253 3535 1301 3600 uti
1328 3517 1401 3598 licet
1427 3555 1464 3597 ea

306 3645 441 3727 ratione,
470 3665 564 3729 quam
585 3646 620 3710 in
647 3647 783 3713 oratione
809 3647 995 3722 Mureniana
1023 3647 1316 3728 demonstravimus,
1347 3643 1463 3709 saeculi

305 3756 365 3820 XV
382 3756 465 3823 viros
487 3757 589 3823 doctos
611 3779 683 3824 cum
705 3759 838 3824 codicem
850 3759 1046 3844 vPoggianum
1069 3759 1283 3838 describerent,
1311 3756 1461 3841 quaedam
1570 3843 1572 3846 ι

307 3866 345 3930 de
367 3888 423 3931 suo
451 3867 575 3951 ingenio
603 3869 766 3936 addidisse.
815 3871 940 3936 Praeter
967 3890 1067 3935 unum
1095 3868 1229 3934 codicem
1250 3869 1323 3952 lag.
1345 3870 1364 3932 9
1386 3868 1461 3933 haec

307 3997 386 4060 quae
413 3977 593 4061 expellenda
620 3987 709 4062 11111,
738 3981 935 4066 reperiuntur
962 3981 997 4045 in
1025 3981 1168 4045 omnibus
1194 3979 1367 4061 codicibus,
1389 4002 1461 4046 ¹non
1564 3986 1568 3992 '

307 4088 398 4153 modo
419 4089 546 4172 italicis,
568 4091 688 4157 saecqu
702 4091 761 4155 XV
782 4098 814 4156 et
834 4092 978 4177 deinceps
1000 4091 1132 4175 seriptis,
1156 4091 1370 4155 verumetiam
1387 4091 1461 4154 Ger·

306 4199 448 4282 manicis,
471 4201 527 4285 qui
547 4208 715 4267 manarunt
737 4200 1304 4291 111111111111111111111ΧΙΙΙ11111,4
1332 4201 1461 4266 Necesse
1485 4195 1489 4200 ’

306 4312 405 4395 igitur
428 4319 476 4377 est
495 4292 612 4377 fuerint
632 4313 667 4376 in
689 4313 743 4378 illo
765 4312 922 4410 communi
942 4312 1053 4378 horum
1074 4312 1167 4394 fonte,
1189 4312 1338 4377 nimirum
1360 4288 1462 4378 codice

306 4421 361 4488 illo
383 4423 416 4487 S.
440 4423 531 4507 Galli,
553 4445 645 4509 quem
668 4423 783 4488 saeculi
804 4424 866 4487 fere
888 4423 918 4486 X
939 4424 1035 4489 fuisse
1057 4426 1259 4509 suspicamur,
1282 4430 1313 4489 et
1338 4424 1463 4508 quidem

306 4536 352 4600 ita
373 4535 491 4600 fuerint
512 4536 636 4622 scripta,
658 4538 695 4598 ut
716 4539 747 4597 et
767 4553 822 4619 pro
843 4535 946 4601 verbis
968 4536 1125 4604 Tullianis
1152 4539 1259 4603 haberi
1282 4546 1410 4624 possent
1431 4544 1462 4602 et

305 4647 476 4732 pronun.
520 4648 619 4724 Quare
648 4647 682 4710 in
708 4647 847 4729 margine
869 4647 944 4712 haec
966 4649 1228 4733 fuisse-arbitror,
1251 4650 1333 4714 unde
1354 4651 1461 4715 Erfur-
