3550 5492
812 606 1024 682 ssae-

342 780 390 842 cst
411 776 444 839 in
468 774 525 837 hac
547 770 714 857 provincia,
737 769 817 854 ‹prrod
840 776 895 834 aut
922 770 955 833 in
977 769 1098 855 oppidis
1126 775 1180 834 aut
1206 771 1240 834 in
1268 771 1355 854 agris
1376 771 1497 837 maiores

299 876 441 946 danastri
455 873 613 962 proprium
634 871 721 937 nobis
737 871 927 955 reliquerint,
950 873 1026 958 quin
1048 873 1082 937 id
1102 873 1209 938 venire
1229 874 1348 939 iubeat.
1364 912 1407 921 -
1424 874 1498 951 Quod

342 986 467 1069 partum
495 975 610 1043 recenti
643 974 772 1039 victoria
798 973 929 1038 maiores
957 974 1043 1039 vobis
1070 974 1105 1039 in
1131 976 1283 1041 sociorum
1312 976 1449 1043 urbibus
1470 996 1498 1041 eo

344 1084 458 1150 finibus
479 1087 511 1147 et
531 1077 690 1147 vinculum
712 1078 796 1165 pacis
822 1085 853 1142 et
882 1085 1119 1144 monumentum
1138 1078 1213 1144 belli
1239 1079 1456 1165 reliquerunt,
1474 1078 1498 1145 id

343 1209 398 1253 vos
421 1186 459 1251 ab
481 1184 543 1250 illis
565 1188 724 1269 acceptum
747 1183 803 1247 hoc
818 1187 940 1247 auctore
962 1180 1123 1247 vendetis?
1158 1182 1217 1246 Ilio
1237 1181 1320 1247 mihi
1341 1202 1498 1268 parumper

346 1298 464 1357 mentes
479 1295 607 1372 rostras,
624 1287 768 1369 Quirites,
792 1306 981 1352 commovere
1002 1285 1116 1367 videor,
1139 1286 1213 1350 dum
1235 1285 1389 1372 patefacio
1412 1284 1498 1367 vobis,

346 1416 423 1480 quas
446 1393 498 1458 isti
520 1391 643 1478 ponitus
659 1391 818 1455 abstrusas
834 1389 965 1455 insidias
988 1388 1174 1473 seposuisse
1195 1387 1391 1453 arbitrantur
1406 1392 1500 1455 contre

347 1498 403 1562 Cn.
426 1494 564 1580 Pompeii
586 1492 781 1577 dignitatem.
825 1492 866 1557 Et
887 1491 976 1573 mihi,
999 1511 1121 1583 quaeso,
1145 1490 1312 1574 ignoscite,
1337 1492 1367 1556 si
1390 1490 1500 1577 appello

346 1599 440 1665 talem
461 1598 565 1662 virum
587 1595 720 1680 saepius.
764 1593 825 1658 Vos
848 1593 927 1658 mihi
948 1593 1082 1678 praetori
1103 1592 1228 1658 biennio
1250 1597 1334 1676 ante,
1361 1593 1500 1675 Quirites,

346 1702 404 1768 hoe
425 1700 531 1767 eodem
552 1699 586 1764 in
607 1698 671 1764 loco
692 1716 855 1783 porsonam
877 1696 957 1762 hanc
977 1695 1179 1781 imposuistis,
1202 1700 1247 1780 ut,
1270 1696 1500 1787 quibuscunque

348 1944 482 2001 sententiis
500 1957 551 1996 non
563 1940 645 1994 solere
663 1939 769 1992 verbum
787 1945 826 1991 est
842 1938 933 1991 omitti.
969 1938 1146 2003 litationem
1169 1938 1238 2008 quod
1254 1954 1418 2009 magnopere
1435 1940 1502 1995 elien

348 2032 409 2085 dere
427 2030 539 2083 deberet.
574 2026 640 2078 Nam
657 2023 784 2093 quomodo
805 2025 939 2093 quisquam
956 2025 1040 2079 dicere
1058 2026 1141 2093 possit
1157 2041 1306 2095 praeconem
1327 2028 1502 2095 persensisse

348 2118 465 2172 Italiam?
499 2112 546 2167 Est
563 2111 675 2165 enimin
692 2110 879 2178 percensenda,
902 2114 931 2164 ut
947 2110 1082 2165 consilium
1105 2111 1207 2180 aliquod
1225 2112 1253 2164 in
1270 2112 1451 2168 enumerando
1466 2114 1502 2167 be

348 2203 443 2266 bueria,
460 2203 489 2253 ut
505 2201 575 2253 certa
591 2197 700 2267 quadam
717 2196 817 2250 ratione
835 2197 937 2266 digeras
955 2215 985 2251 ac
1003 2214 1153 2267 componas:
1177 2187 1298 2267 praecelli
1316 2202 1422 2266 autem,
1448 2215 1503 2271 quse

349 2289 446 2356 scripta
462 2287 529 2350 sunt,
547 2283 664 2336 recitanti
681 2298 755 2335 nemo
772 2282 852 2335 ullum
870 2283 1005 2337 consilium
1024 2286 1069 2336 aut
1085 2284 1211 2337 rationem
1227 2284 1333 2338 tribuat.
1371 2286 1411 2341 At
1428 2285 1503 2356 ipsun

349 2372 486 2428 Servilium
500 2368 592 2424 italiae
615 2384 690 2438 agros
714 2368 845 2437 publicos,
872 2386 936 2438 quos
957 2371 1045 2423 venire
1066 2372 1209 2438 oporteret,
1231 2374 1428 2425 enumerantem
1446 2374 1504 2425 recte

350 2461 465 2515 dicamus
482 2457 584 2511 Italiam
601 2457 777 2525 percensuisse
790 2456 906 2524 tollitque
919 2457 1008 2511 vitium
1026 2456 1089 2526 Lag.
1108 2458 1124 2509 9
1131 2457 1283 2526 percensuit
1293 2458 1434 2525 exhibens,
1445 2457 1504 2529 qued

351 2548 429 2601 ceteri
446 2544 544 2599 librarii
562 2544 622 2596 dum
639 2543 682 2607 iis,
699 2558 764 2611 quae
776 2543 953 2611 insequuutru,
971 2544 1136 2612 coniungunt,
1153 2543 1362 2611 frequentissimo
1380 2560 1469 2601 errore
1483 2544 1504 2598 ir

351 2632 455 2687 alteram
473 2645 609 2701 personam
626 2631 765 2692 mutanrnt,
782 2630 820 2681 ita
836 2633 922 2682 tanim
944 2630 999 2682 veri
1020 2630 1129 2698 vestigia
1146 2630 1298 2695 retinentes,
1315 2631 1393 2685 utin
1412 2634 1503 2686 antece

350 2720 420 2773 denti
439 2718 565 2773 sententia
582 2717 689 2770 verbum
707 2723 746 2769 est
762 2717 915 2771 omitterent.
952 2716 1026 2771 Nunc
1043 2718 1081 2771 sic
1098 2716 1284 2787 intelligemus,
1301 2721 1367 2785 post
1382 2717 1432 2772 illa
1448 2732 1504 2789 quae

351 2808 412 2859 snut
423 2804 545 2873 suturam
558 2810 633 2873 pato,
651 2816 816 2870 praeconem,
828 2817 894 2870 quae
912 2802 1002 2856 Rullus
1024 2803 1051 2854 in
1072 2802 1148 2856 Italia
1168 2803 1255 2855 venire
1277 2802 1372 2869 vellet,
1398 2820 1435 2859 ex
1456 2804 1503 2875 lege

349 2893 481 2946 recitasse.
517 2890 663 2959 Sequuntur
685 2904 750 2957 quae
768 2887 858 2942 Cicero
875 2889 907 2941 de
924 2889 973 2942 bac
990 2888 1079 2943 Italiae
1097 2890 1216 2943 auctione
1238 2888 1373 2954 observat,
1395 2894 1453 2945 tum
1468 2890 1504 2945 ed·

349 2973 460 3034 hortatio
483 2977 632 3047 praeconis,
649 2979 678 3029 nt
699 2980 798 3045 pergat.
839 2976 942 3029 Recitat
963 2978 1043 3046 igitur
1064 2977 1185 3045 deinceps
1209 2976 1241 3029 de
1258 2974 1363 3041 Sicilia,
1383 2976 1419 3031 de
1441 2978 1504 3031 cuiae
1544 2982 1546 2999 '

350 3070 468 3124 auctione
485 3071 572 3121 orator
589 3065 651 3117 haec
669 3064 813 3133 subiungit:
837 3065 916 3117 Nilei!
932 3072 970 3118 est
986 3066 1015 3117 ia
1032 3065 1081 3119 lece
1094 3065 1236 3135 procincta
1254 3092 1288 3103 -
1305 3063 1397 3117 venire
1419 3060 1504 3117 iubeat

350 3156 416 3210 Tum
433 3170 522 3208 rursus
540 3151 655 3207 succedit
677 3150 709 3203 de
727 3151 791 3205 Asia
813 3152 947 3220 praeconis
972 3152 1100 3217 recitatio,
1123 3153 1164 3205 cui
1187 3154 1275 3206 orator
1301 3150 1420 3205 annectit
1435 3150 1504 3205 baec:

352 3241 428 3305 Quod
439 3246 548 3310 partum
564 3237 663 3291 recenti
678 3237 791 3291 victoria
808 3266 841 3276 -
859 3237 907 3290 loc
925 3245 1030 3291 erectore
1047 3239 1169 3292 vendetis.

437 3326 478 3379 49.
496 3325 595 3378 receati
615 3324 728 3378 victoria
749 3325 889 3393 opponitur
911 3326 935 3379 ei
958 3326 1026 3394 quod
1044 3326 1158 3394 sequitur
1181 3323 1214 3377 ab
1233 3324 1285 3376 iltis
1302 3312 1450 3395 acceptant
1483 3318 1507 3375 u

350 3414 470 3478 maioma,
487 3428 552 3482 quae
564 3427 652 3467 recens
661 3416 811 3482 expugnata
827 3416 908 3478 erant,
921 3414 1031 3467 rendere
1049 3413 1192 3477 uoluerunt,
1210 3427 1278 3464 nuuc
1295 3426 1327 3464 ea
1344 3424 1429 3464 causa
1440 3422 1505 3463 acce

352 3500 397 3565 dit,
415 3500 482 3568 quod
500 3502 615 3553 vetustas
632 3500 684 3553 iarn
701 3500 890 3569 possessionem
908 3501 1026 3554 sacrarit.
1057 3498 1189 3553 Vinculum
1204 3497 1283 3567 pacis
1299 3494 1429 3565 intellige,
1446 3492 1508 3565 qued

352 3586 440 3657 populi
457 3586 518 3640 victi
535 3586 634 3639 iactura
651 3587 707 3655 agri
725 3586 940 3651 admonebantur,
958 3602 991 3639 ne
1008 3586 1159 3641 seditionem
1176 3598 1278 3636 mouere
1295 3580 1407 3648 vellent3
1426 3584 1509 3637 mune

352 3675 396 3744 qui
412 3675 441 3727 in
457 3672 508 3726 fide
526 3674 672 3739 manebant,
685 3689 756 3743 agro,
770 3673 897 3739 libertate,
909 3674 1077 3742 vectigalibus
1096 3673 1263 3741 augebantur.
1277 3698 1311 3708 -
1319 3686 1472 3741 parumper·
1481 3694 1510 3707 -

353 3778 508 3816 eoenmooere
525 3762 622 3816 videor.
657 3750 729 3816 ldem
746 3762 799 3816 iere
817 3765 857 3814 est
874 3762 942 3832 quod
959 3776 998 3815 eae
1017 3765 1200 3814 coronatorum
1217 3771 1270 3810 esse
1284 3760 1365 3825 pato,
1382 3760 1415 3809 ut
1431 3752 1511 3809 influi-

353 3850 421 3904 tivus
439 3864 562 3918 praesens
580 3847 660 3902 laturi
677 3848 750 3916 quasi
772 3848 855 3901 locum
873 3846 995 3900 obtineat.
1021 3843 1082 3919 *Sed
1099 3842 1171 3896 illum
1189 3858 1220 3894 so
1238 3839 1346 3894 consilio
1364 3840 1472 3909 posuit,
1486 3840 1512 3891 nt

353 3952 400 4006 per
417 3936 596 3991 brevissimum
616 3938 717 4004 tempus
736 3950 763 3988 se
782 3939 965 4001 commoturum
986 3929 1121 4000 significet,
1139 3927 1207 3997 qnod
1227 3927 1284 3995 ipse
1305 3925 1342 3979 ait
1360 3940 1511 3997 parumper,

354 4024 415 4077 dam
428 4020 574 4092 patefacio,
592 4024 621 4072 ut
638 4020 720 4073 omnis
739 4021 874 4074 commotio
892 4022 919 4072 in
936 4017 1066 4087 praesenti
1084 4013 1184 4069 absolvi
1201 4012 1325 4067 rideatur.
1343 4040 1379 4050 -
1392 4010 1513 4082 praeteri

354 4110 456 4164 Mansio
479 4115 548 4170 cate,
565 4108 615 4160 ie.
634 4123 700 4160 anno
719 4106 751 4161 66
770 4125 792 4162 a.
811 4108 883 4172 Cha,
906 4122 963 4161 cum
981 4102 1070 4157 Gicero
1090 4104 1152 4154 tunc
1173 4099 1283 4152 manime
1304 4101 1411 4167 praeter
1434 4099 1513 4169 legem

353 4197 484 4251 Maniliam
502 4192 599 4256 suasit,
617 4208 668 4259 qna
685 4192 731 4246 Gn.
749 4193 872 4263 Pompeio
891 4210 948 4247 cum
965 4191 1056 4260 piratis
1073 4204 1106 4241 ex
1123 4189 1180 4256 lege
1189 4186 1302 4239 Gabinia
1318 4187 1450 4255 pugnanti
1465 4183 1513 4239 bel·

354 4280 408 4334 lum
424 4276 623 4331 Mithridaticum
645 4275 763 4330 traditum
784 4282 830 4343 est,
846 4280 873 4331 in
892 4292 942 4346 que
960 4275 1071 4343 gerendo
1093 4275 1171 4327 etiam
1192 4288 1250 4325 cum
1268 4271 1357 4324 Cicero
1375 4271 1446 4325 banc
1460 4284 1514 4335 ors·

354 4366 450 4418 tionem
468 4362 582 4426 haberet,
599 4367 737 4431 occupatus
756 4368 819 4417 erat.
857 4364 996 4433 Iliensium
1014 4364 1098 4415 autem
1116 4360 1190 4424 dixit,
1208 4358 1257 4411 etsi
1273 4356 1365 4423 paucis
1382 4356 1514 4411 mann‘bue

355 4450 416 4519 plne
438 4448 605 4517 praeterierat
622 4450 692 4514 (nam
714 4449 799 4503 medio
817 4449 869 4502 fere
894 4465 960 4503 auno
983 4449 1016 4502 66
1034 4448 1076 4501 lex
1093 4446 1199 4500 Manilia
1217 4443 1317 4497 ridetur
1338 4458 1398 4497 esse
1420 4442 1476 4498 lats
1490 4444 1515 4494 et

355 4537 460 4588 ineunte
478 4549 544 4587 anno
561 4532 594 4587 63
612 4534 674 4587 haec
700 4534 782 4587 oratio
799 4536 839 4587 est
855 4534 969 4599 habita),
985 4539 1015 4588 ut
1037 4535 1139 4602 plenum
1157 4546 1291 4584 numerum
1313 4532 1438 4597 poneret,
1463 4532 1514 4583 tum

357 4619 404 4673 doc
431 4617 517 4672 eodem
539 4618 567 4671 in
593 4622 648 4674 loeo
671 4619 862 4689 praepositione
884 4618 986 4672 adiecta
1009 4620 1096 4689 ipsum
1116 4618 1281 4685 suggestum,
1304 4629 1337 4667 ex
1365 4628 1418 4683 quo
1449 4614 1513 4667 dice

357 4704 414 4772 bat,
432 4702 591 4773 intelligens,
611 4718 664 4759 non
686 4704 830 4758 contionem
852 4708 964 4771 autum
985 4722 1046 4762 uam
1068 4706 1106 4759 ita
1124 4704 1215 4758 abesse
1240 4700 1330 4757 debuit
1348 4698 1513 4771 praepositio·
