3550 5492
712 598 925 663 ..79-

223 753 356 838 collegis
379 753 443 818 suis
464 755 634 821 iudicabit?
664 762 696 821 ct
716 778 825 822 verum
847 758 1018 825 iudicabit?
1061 761 1140 826 Nam
1163 768 1327 849 utrumque
1350 765 1394 830 ita

223 878 382 942 magnum
404 864 459 940 ost,
482 864 519 923 ut
540 857 732 925 nullomodo
754 881 853 945 neque
871 864 1100 930 concedendum
1115 868 1395 951 neque-terendum

224 962 280 1029 sit
316 962 407 1027 Volet
428 982 494 1027 esse
515 962 682 1049 popularis,
704 965 816 1049 populo
839 966 976 1031 Romano
997 967 1196 1051 adiudicabit,
1218 990 1289 1055 ergo
1310 970 1393 1037 idem

221 1171 438 1254 rimorumque
455 1190 598 1254 agruim
613 1170 716 1253 iudex,
734 1172 857 1253 arbiter,
877 1172 1030 1255 dominus,
1047 1195 1101 1238 rex
1115 1174 1248 1259 denique
1264 1175 1391 1260 opulen-

220 1274 344 1341 tissimi
358 1272 445 1357 regni
462 1273 622 1358 reperitur.
656 1273 723 1339 Non
739 1282 842 1340 sumet
855 1275 915 1341 sibi
931 1283 1064 1360 tantum,
1081 1298 1143 1342 non
1162 1284 1293 1362 appetet,
1308 1280 1391 1344 iudi-

220 1378 312 1445 cabit
340 1377 562 1443 Alexandriam
591 1377 671 1461 regis
699 1400 782 1461 esse,
817 1401 836 1444 a
870 1379 983 1466 populo
1011 1380 1151 1445 Romano
1184 1381 1391 1447 abiudicabit?

220 1483 372 1548 Primum
399 1502 476 1547 num
504 1480 610 1566 populi
636 1481 768 1546 Romani
796 1483 1000 1549 hereditatem
1022 1483 1112 1548 Xuiri
1138 1484 1291 1566 iudicent,
1320 1493 1441 1557 cumis,
1450 1493 1526 1547 XVII

315 1668 336 1706 ct
349 1666 421 1705 sem
434 1660 554 1702 iudicabit?
567 1681 593 1694 -·
606 1661 771 1712 Alexandriam,
784 1667 858 1706 render
871 1665 995 1715 nesapium.
1009 1686 1035 1699 -
1047 1665 1080 1707 44.
1093 1667 1190 1707 fflmum
1203 1671 1246 1708 tum
1258 1670 1339 1718 populi.
1435 1646 1438 1651 ι

314 1828 358 1883 43.
376 1846 465 1884 ceram
486 1832 620 1886 iudicabit.
661 1831 780 1884 Editores
803 1846 871 1884 nunc
895 1846 983 1884 omnes
1007 1835 1160 1900 receperunt
1176 1833 1286 1886 Puteani
1307 1849 1392 1888 emen-

221 1915 357 1969 dationem
384 1922 472 1969 utrum
497 1919 637 1981 iudicabit,
665 1919 725 1986 qnia
750 1932 798 1970 nec
821 1918 886 1970 hanc
914 1919 1069 1971 sententiam
1096 1935 1142 1974 nec
1165 1922 1247 1972 totum
1268 1919 1335 1973 lrunc
1357 1919 1389 1973 de

219 2002 349 2071 Aegypto
367 2001 452 2056 locum
468 2004 659 2058 intellexerunt.
700 2004 730 2056 ln
747 2005 796 2056 hac
813 2004 916 2072 quidem
934 2006 1061 2059 sententia
1079 2021 1194 2059 crescere
1215 2010 1316 2073 oportet
1333 2023 1389 2060 ora·

220 2088 333 2152 tionem,
349 2091 380 2141 ut
398 2089 431 2142 ab
449 2105 480 2143 eo
498 2091 566 2159 quod
583 2093 668 2144 minus
686 2095 725 2144 est
743 2091 775 2143 ad
798 2092 881 2144 maius
906 2091 1002 2158 gradus
1024 2091 1084 2157 fiat,
1108 2097 1183 2162 atque
1200 2092 1228 2145 id
1249 2093 1390 2145 rectissime

218 2173 345 2240 efficitirr,
363 2177 387 2231 si
404 2190 462 2230 oum
479 2178 655 2246 indignatione
667 2178 777 2247 quadam
794 2179 866 2242 (nam
883 2178 949 2231 hane
961 2176 1089 2245 particula
1101 2178 1277 2248 interrogandi
1295 2180 1390 2232 omissa

219 2261 335 2326 indicat)
352 2263 464 2331 primum
488 2269 595 2333 quaerat
616 2264 760 2317 iucticaditi
776 2267 843 2328 tum,
865 2265 892 2316 id
915 2265 983 2333 quod
1005 2265 1085 2318 multo
1104 2267 1208 2333 grariru
1226 2269 1278 2329 est,
1301 2282 1390 2319 cerusa

222 2346 374 2401 iudicabit?
406 2348 447 2403 cf.
470 2367 549 2418 snpra
566 2352 580 2416 ξ
598 2352 633 2404 40
649 2351 750 2418 salsuru-
774 2351 876 2404 iuclicet.
912 2350 1033 2405 llorebat
1056 2357 1140 2405 autem
1162 2353 1316 2420 interpretes
1338 2367 1390 2403 ma·

221 2434 295 2487 xime
314 2433 384 2503 quod
400 2435 543 2505 insequitur
562 2436 630 2490 Nam
649 2444 784 2504 atrumque
801 2438 840 2489 ita
858 2455 980 2505 'acapnum
998 2445 1043 2502 cat,
1062 2439 1130 2507 quod
1148 2455 1205 2492 cum
1224 2438 1257 2490 ad
1274 2455 1306 2491 ea
1323 2454 1389 2507 quae

196 2552 202 2561 -
223 2518 383 2573 antecedunt
403 2523 532 2589 pertinere
555 2526 687 2590 putarent,
706 2524 851 2576 necessario
875 2539 957 2592 prope
978 2525 1136 2593 scripserunt
1152 2531 1237 2577 atrurn
1256 2523 1389 2577 iudicabit.

223 2605 282 2659 Nos
301 2620 365 2659 roro
382 2610 409 2659 et
425 2615 561 2677 sicamque
579 2609 643 2662 illud
660 2613 687 2661 et
704 2612 785 2662 totam
802 2610 873 2662 illam
892 2610 1044 2663 seutentiam
1067 2610 1101 2662 ad
1118 2626 1149 2662 ea
1167 2625 1231 2677 quae
1249 2613 1390 2678 sequuntur

222 2690 376 2756 relersmns.
411 2692 553 2763 Utrumque
572 2696 608 2748 ait
629 2694 718 2749 Cicero
737 2697 844 2749 nimium
861 2712 918 2749 esse
946 2698 1012 2748 etsi
1035 2696 1185 2749 corrdsmnet
1209 2700 1235 2748 et
1259 2698 1282 2749 si
1299 2697 1391 2750 liberet

223 2776 378 2847 Aegyptum
395 2780 425 2833 P.
443 2780 543 2834 Rullus.
579 2781 693 2835 Primum
716 2783 780 2835 illud
798 2783 939 2851 exequitur,
958 2783 980 2834 si
998 2783 1162 2846 condemnet,
1180 2786 1206 2834 et
1224 2782 1326 2850 quidem
1343 2797 1390 2849 per

223 2862 292 2917 duas
310 2865 462 2932 soniomias,
480 2884 587 2935 quarum
606 2885 656 2921 una
674 2870 799 2936 protasia,
818 2868 901 2921 altera
913 2868 1038 2935 epodosin
1056 2868 1144 2922 elficit.
1167 2869 1282 2922 Protasis
1299 2882 1388 2920 rursus

223 2951 358 3019 tripertita
375 2956 426 3005 est:
451 2955 518 3008 colet
540 2971 593 3008 ease
606 2955 746 3024 papaueris
764 2959 790 3008 et
801 2970 866 3023 pop.
883 2953 1002 3007 Boinasa
1020 2953 1183 3006 adtbdiccbit
1198 2957 1225 3006 et
1242 2969 1303 3022 erpo
1320 2953 1388 3005 idem
1453 2997 1455 3002 ,

223 3064 259 3074 -
276 3037 373 3091 vcsdet
393 3036 598 3104 Alexandriam
625 3044 679 3093 tum
706 3040 827 3109 apodosis
850 3040 963 3108 simplici
988 3040 1034 3092 illa
1055 3039 1156 3108 quidem
1180 3040 1320 3104 sententia,
1342 3039 1387 3092 sed

222 3136 322 3193 magns
339 3128 427 3179 umen
445 3140 503 3178 cum
515 3126 686 3179 cumulatione
704 3125 840 3178 verborum
853 3141 911 3178 eum
929 3129 982 3178 tam
999 3128 1130 3193 potentem
1141 3124 1196 3178 fieri
1210 3125 1293 3189 docet,
1311 3141 1387 3193 quam

224 3209 311 3262 civem
330 3209 474 3264 Romnum
491 3211 548 3265 fieri
566 3229 616 3265 non
633 3216 759 3281 oporteat.
781 3213 853 3266 Haec
870 3213 907 3265 ita
925 3227 982 3265 esse
995 3211 1143 3280 accipienda
1162 3228 1191 3265 ao
1206 3211 1388 3280 distinguenda

223 3294 303 3349 docet
326 3311 379 3350 non
401 3298 478 3351 modo
501 3313 603 3363 eorum,
626 3315 691 3367 quae
714 3302 868 3367 sequuntur,
891 3298 937 3351 sed
958 3299 1017 3366 ipsa
1043 3299 1121 3351 etiarn
1147 3302 1291 3367 temporum
1314 3299 1387 3353 ratio.

223 3381 345 3435 Protesis
362 3383 432 3437 enim
448 3384 526 3437 habet
539 3385 626 3438 futura
642 3386 717 3448 colet,
730 3384 900 3448 aciiudiccbit,
918 3385 1021 3449 cendct3
1040 3385 1162 3453 apodosis
1175 3384 1292 3438 effectum
1310 3385 1390 3454 signi·

221 3468 307 3523 ticans
324 3469 404 3523 hebet
420 3487 543 3539 praesens
561 3473 700 3541 reperitur.
735 3471 830 3526 Verum
853 3472 931 3525 etiarn
953 3471 1017 3524 illud
1034 3475 1150 3541 apparet,
1172 3474 1240 3543 recte
1258 3472 1286 3524 in
1303 3469 1388 3544 codd

223 3555 321 3619 omitti,
338 3571 405 3625 quas
424 3557 457 3610 ab
474 3557 580 3627 reliquis
598 3558 711 3612 librariis
729 3558 755 3611 in
772 3559 870 3626 protasi
888 3557 1017 3611 adduntur
1029 3558 1122 3610 candet
1138 3556 1293 3625 Aegyptum.
1322 3554 1389 3608 Nam

221 3643 343 3713 neqnein
353 3643 461 3712 apodosi
477 3645 509 3697 de
521 3645 641 3714 Aegypto
651 3645 715 3699 dicit
732 3647 823 3713 (neque
840 3645 908 3697 enim
917 3659 948 3698 eo
962 3643 1181 3713 opulentissimum
1192 3658 1300 3709 requam
1311 3641 1390 3708 perti-

222 3744 285 3783 nere
298 3744 405 3785 necesso
417 3733 468 3796 est)
485 3733 603 3800 usquein
618 3732 700 3784 altera
717 3732 844 3785 sententia
859 3735 955 3785 terram
970 3731 1054 3798 ipsam
1076 3731 1266 3791 commemorat,
1277 3726 1325 3779 'sed
1341 3728 1389 3779 hoc

222 3818 325 3869 tantm
343 3815 407 3870 dicit
423 3816 551 3870 iudicabit
566 3816 757 3871 Alexandriam
775 3818 845 3887 rapis
863 3833 925 3871 ease.
962 3816 1045 3880 Quare
1064 3815 1128 3866 duas
1146 3813 1205 3866 illas
1224 3827 1300 3865 voces
1319 3811 1387 3865 mala

222 3900 390 3956 librariorum
407 3901 542 3956 sedulitate
560 3904 678 3957 extitisse
696 3905 846 3956 statuemus.
877 3901 999 3970 Sequitur
1017 3901 1134 3962 alterum,
1153 3899 1175 3949 si
1192 3898 1285 3950 liberet
1294 3896 1385 3950 Rullus

223 3987 375 4057 Aegyptum
393 3991 469 4055 atque
489 3988 522 4041 ab
539 3989 637 4057 populo
655 3990 771 4042 Romano
789 3987 926 4060 abiudicet‚
944 3986 1005 4054 quid
1020 3985 1132 4038 futurum
1150 3983 1193 4036 sit.
1218 3982 1259 4035 lbi
1276 3984 1388 4051 protasis

224 4089 317 4129 rursus
335 4073 522 4143 quadripertita
539 4079 579 4128 est
595 4075 739 4142 futurisque
756 4075 916 4142 temporibus
933 4074 1059 4124 instructa
1076 4076 1165 4132 eumd,
1183 4076 1301 4139 appetet,
1318 4068 1388 4122 iadi-

223 4154 303 4225 cubil,
321 4159 496 4215 abiudicabit:
514 4160 645 4230 apodosis‚
662 4177 727 4230 quae
746 4161 778 4213 ab
791 4161 848 4225 §44
865 4159 965 4227 incipit,
982 4157 1084 4226 longior
1099 4158 1141 4209 est
1158 4171 1205 4208 nec
1222 4158 1323 4209 tantum
1341 4171 1389 4224 per

222 4245 372 4316 complures
393 4246 608 4318 interrogationes
630 4248 773 4311 diducitur,
802 4246 848 4300 sed
871 4247 949 4298 etiam
973 4244 1120 4297 adiunctum
1147 4241 1236 4307 habet,
1264 4243 1333 4311 quod
1355 4242 1389 4295 ad

223 4348 315 4388 ornnes
331 4334 440 4389 insidias
458 4349 537 4404 regno
555 4336 669 4403 Aegypti
686 4335 783 4403 positas
801 4333 937 4402 pertineat.
981 4330 1093 4384 Uberius
1111 4329 1142 4383 de
1159 4329 1208 4382 hoc
1226 4329 1283 4382 loco
1302 4328 1389 4398 dispu-

223 4423 279 4473 tare
297 4434 341 4473 me
362 4425 502 4489 coegerunt
523 4422 692 4490 interpretum
713 4435 827 4483 errores,
849 4434 958 4487 quorum
982 4432 1055 4470 nemo
1079 4431 1166 4470 reram
1189 4416 1314 4469 rationem
1332 4430 1388 4482 per·

223 4507 320 4575 spexit
1356 4562 1359 4569 .

312 4594 356 4648 44.
373 4592 491 4650 Primum
510 4611 580 4646 truria.
616 4591 767 4647 Coniectura
784 4592 848 4645 haec
865 4593 919 4654 est;
943 4605 1002 4642 nam
1019 4588 1079 4641 libri
1096 4603 1144 4640 ms.
1162 4585 1260 4639 habent
1273 4585 1387 4655 misnam

224 4690 279 4737 ten
297 4684 326 4736 si
338 4682 454 4752 primatu
473 4699 538 4737 eum.
564 4681 617 4736 Sed
636 4680 761 4750 apodosin
779 4695 879 4745 eorum,
897 4693 962 4749 quae
979 4678 1007 4730 in
1025 4674 1188 4730 antecedenti
1205 4675 1219 4739 i
1237 4675 1306 4736 suut,
1327 4671 1387 4723 binc
