3550 5492
713 565 926 642 ..13-

241 726 337 791 huius
353 725 500 811 pecuniae
515 725 648 794 invidia:
664 736 862 795 consumetur
878 733 1007 795 enimin
1022 753 1164 816 agrorum
1178 734 1394 819 emptionibus.

240 831 375 915 Optime.
419 833 494 908 Quis
517 855 587 916 ergo
616 840 697 897 emet
718 855 805 917 agros
827 834 924 900 istos?
958 836 1055 899 Iidem
1078 837 1183 902 Xviri:
1211 845 1261 921 tu,
1294 839 1395 921 Rulle,

240 922 377 1016 (missos'
395 935 480 998 enim
501 935 578 999 facio
606 937 734 1019 ceteros)
757 957 838 1002 emes
867 936 949 1023 quod
970 938 1069 1017 voles,
1098 945 1264 1025 utrumque
1286 941 1396 1005 horum

239 1033 333 1100 iacies
355 1038 465 1120 quanti
487 1038 579 1103 voles.
609 1039 704 1103 Caret
726 1043 809 1104 enim
831 1042 880 1106 vir
902 1041 1045 1126 optimae,
1068 1063 1108 1105 ne
1130 1049 1213 1107 emat
1226 1044 1264 1107 ab
1286 1043 1394 1109 invito.

240 1139 337 1214 Quasi
359 1160 431 1204 vero
453 1161 515 1204 non
530 1141 739 1224 intelligamus
761 1143 799 1206 ab
817 1144 915 1209 invito
937 1165 1037 1207 emere
1053 1144 1239 1209 iniuriosum
1260 1167 1334 1229 esse,
1357 1147 1395 1211 ab

240 1264 302 1308 non
325 1244 423 1309 invito
451 1251 681 1328 quaestuosum.
736 1248 893 1323 Quantum
922 1247 993 1319 tibi,
1009 1247 1078 1336 agri¹
1102 1247 1228 1331 vendet,
1256 1255 1293 1314 ut
1312 1249 1395 1314 alios

239 1347 389 1425 omittam,
412 1369 496 1411 socer
510 1347 604 1411 tuus?
625 1349 684 1413 etsi
707 1369 762 1432 ego
784 1350 850 1414 eius
871 1350 1058 1434 aequitatem
1080 1350 1178 1414 animi
1199 1352 1290 1437 probe
1313 1353 1394 1432 novi,

239 1450 352 1514 vendet
373 1471 435 1514 non
457 1451 585 1514 invitus.
619 1451 746 1514 Facient
767 1451 849 1515 idem
868 1451 960 1515 ceteri
982 1451 1122 1533 libenter,
1144 1458 1181 1516 ut
1195 1455 1395 1539 possessionis

239 1553 391 1617 invidiam
412 1556 544 1640 pecunia
558 1562 762 1620 commutent:
785 1557 939 1641 accipiant
961 1557 1041 1640 quod
1056 1557 1195 1641 cupiunt,
1218 1558 1293 1622 dent
1314 1560 1395 1643 quod

238 1659 370 1721 retinere
398 1660 451 1723 vix
478 1666 617 1745 possunt.
668 1661 759 1724 Nunc
791 1661 954 1745 prospicite
988 1661 1126 1724 omnium
1155 1683 1258 1725 rerum
1288 1663 1437 1725 inlini-15

238 1768 304 1839 tam
326 1768 418 1847 atque
440 1765 665 1828 intolerandam
686 1765 854 1829 licentiam.
898 1765 1033 1853 Pecunia
1054 1769 1157 1828 coacta
1178 1771 1224 1829 est
1246 1765 1285 1829 ad
1306 1787 1393 1848 agros

239 1867 398 1932 emendos:
419 1868 444 1931 ii
465 1890 553 1953 porro
576 1870 614 1933 ab
635 1869 745 1934 invitis
767 1889 830 1933 non
852 1873 1002 1932 ementur.
1036 1867 1071 1931 si
1092 1869 1303 1933 consenserint
1324 1890 1393 1954 pos-

239 1991 370 2035 sessores
392 1991 455 2035 non
469 1971 611 2053 vendere,
634 1971 708 2055 quid
723 1972 862 2034 futurum
879 1969 942 2034 est?
968 1969 1127 2033 Referetur
1141 1969 1292 2055 pecunia?
1324 1971 1394 2036 Non

324 2126 376 2173 aaa
387 2128 456 2175 ipitur
469 2131 528 2167 emet.
540 2148 565 2155 -
587 2126 619 2166 15.
632 2127 693 2166 Nunc
702 2129 825 2177 perspicite.
838 2146 864 2155 -

238 2245 308 2310 dere,
326 2253 378 2298 rem
392 2262 443 2299 non
456 2246 510 2300 iore
523 2248 577 2300 sine
590 2250 697 2316 quaestu
709 2249 824 2300 ementis.
843 2275 877 2283 —
893 2261 965 2298 socer
978 2253 1044 2311 tuas,
1055 2262 1130 2315 quem
1140 2244 1260 2315 Valgium
1278 2249 1395 2302 nominat

237 2335 303 2385 orat.
321 2331 364 2393 ΠΙ,
379 2334 408 2396 l;
427 2333 460 2385 ci.
478 2334 634 2398 orat.ll,26,
647 2334 688 2386 69.
723 2334 753 2386 ln
770 2348 819 2402 quo
837 2325 913 2401 quain
931 2333 1086 2399 aequitatem
1105 2333 1188 2384 uratmi
1204 2339 1394 2399 commemorat,

238 2434 296 2470 eam
315 2417 378 2470 dicit
395 2419 524 2481 virtutem,
543 2436 607 2487 quae
625 2420 700 2481 facit,
719 2423 747 2471 ut
765 2419 836 2471 nulla
853 2435 880 2470 re
899 2418 1062 2471 vehementer
1079 2417 1221 2471 afficiamur
1237 2435 1283 2471 nec
1299 2420 1394 2474 irasca-

237 2521 296 2556 mur
314 2508 358 2557 aut
376 2521 450 2574 aegre
469 2506 523 2558 sive
541 2506 630 2571 iniquo
653 2506 739 2557 aniana
761 2505 882 2557 feramus.
923 2504 993 2567 Quae
1014 2506 1095 2557 virtus
1114 2520 1170 2557 cum
1191 2506 1218 2557 in
1243 2507 1300 2559 aliis
1316 2507 1393 2560 rebus

238 2591 272 2642 sit
289 2591 379 2658 magni
398 2591 531 2655 facienda,
548 2591 575 2642 in
594 2590 660 2655 aliis,
683 2591 706 2643 si
722 2591 816 2643 malam
840 2591 933 2641 famam
961 2606 1041 2657 eaque
1068 2606 1132 2657 quae
1158 2592 1292 2645 emendare
1309 2595 1394 2661 possis

239 2691 321 2744 aequo
340 2677 424 2729 animo
442 2676 522 2740 feras,
540 2691 587 2743 pro
605 2677 668 2729 sitio
686 2678 774 2744 potius
792 2677 909 2729 habenda
931 2681 978 2728 est.
1018 2676 1106 2743 ltaque
1129 2693 1179 2728 non
1200 2676 1288 2729 laudat
1305 2679 1393 2733 Cicero

238 2761 264 2813 h.
281 2761 299 2814 l.
317 2761 451 2831 Valgium,
470 2763 515 2815 sed
534 2763 624 2816 acerbe
648 2763 695 2815 sub
718 2763 803 2832 specie
824 2763 928 2814 virtutis
946 2763 1082 2829 vituperat.
1118 2763 1206 2829 Aequo
1229 2779 1286 2815 eum
1309 2766 1393 2818 animo

237 2847 303 2900 terre
321 2848 358 2900 ait
377 2848 544 2915 turpitudinis
567 2849 674 2911 tamam,
698 2863 773 2915 quam
796 2845 940 2899 coemendis
959 2845 1064 2898 Sullana
1087 2850 1171 2898 aetate
1192 2849 1394 2916 proscriptorum

236 2933 312 2987 bonis
324 2936 499 2986 contraxerat:
518 2933 582 2985 nihil
594 2948 683 2985 curare
694 2932 825 2996 invidiam,
841 2935 884 2984 aut
902 2935 941 2985 tot
951 2932 1081 2984 hominum
1094 2933 1267 2985 innocentium
1279 2935 1393 3001 exitium,

236 3018 374 3072 dummodo
394 3018 496 3071 divitias
516 3019 566 3071 sibi
585 3021 724 3086 comparet.
754 3017 806 3069 Sed
821 3020 916 3082 tamen,
933 3019 1050 3086 quamvis
1067 3018 1105 3070 ita
1120 3018 1236 3072 homines
1253 3019 1393 3074 hominum-

235 3118 285 3172 que
303 3119 433 3157 sermones
452 3108 606 3171 oontemnat,
624 3121 674 3158 non
686 3106 793 3158 invitum
806 3104 935 3158 iacturum
947 3120 1012 3168 esse,
1025 3107 1054 3156 ut
1061 3104 1234 3173 possessiones
1250 3106 1392 3160 invidiosas

235 3191 306 3253 (nam
323 3190 386 3243 haec
403 3193 445 3244 est
461 3191 506 3244 illa
524 3208 589 3260 quae
612 3191 732 3259 deinceps
752 3194 965 3245 commemoratur
978 3191 1149 3259 possessionis
1171 3190 1283 3255 invidia)
1299 3192 1393 3246 vendat

235 3276 430 3344 pecuniamque,
448 3278 489 3330 cui
507 3277 616 3330 inrideri
634 3294 684 3331 non
705 3279 796 3346 possit,
815 3278 918 3331 condat.
944 3277 1062 3330 Pluribus
1076 3277 1099 3329 h.
1113 3277 1129 3330 l.
1148 3278 1320 3345 exposuimus,
1332 3279 1392 3349 quia

236 3361 322 3414 minus
340 3378 398 3414 eum
416 3366 485 3416 recte
503 3365 536 3415 ab
554 3365 735 3432 interpretibus
752 3363 862 3433 intelligi
880 3365 1041 3417 arbitramur.

328 3447 367 3500 15.
383 3450 534 3517 prospicite.
575 3450 669 3502 Parum
686 3449 747 3502 fidei
764 3454 804 3503 est
826 3449 941 3502 inlibris
958 3466 1006 3503 ms.
1024 3450 1057 3502 ad
1080 3450 1283 3515 diiudicandum,
1305 3454 1391 3504 utrum

232 3533 377 3602 perspicite
396 3551 428 3586 an
442 3536 587 3604 prospicite
604 3552 662 3590 esse
684 3539 815 3604 oporteat,
840 3537 885 3589 sed
904 3552 950 3605 per
967 3552 995 3589 se
1016 3538 1102 3605 ipsum
1119 3537 1144 3589 h.
1162 3537 1179 3588 l.
1197 3538 1315 3605 praefero
1328 3554 1391 3606 pra·

235 3618 335 3686 spicite,
354 3619 422 3688 quod
445 3636 476 3672 ea
494 3620 525 3673 de
543 3637 570 3674 re
589 3623 683 3690 agitur,
701 3639 766 3690 quae
789 3638 820 3674 ex
843 3622 900 3690 lege
923 3626 1091 3676 consecutura
1112 3624 1160 3687 sit,
1182 3640 1233 3676 non
1251 3639 1316 3691 quae
1333 3624 1391 3690 ipsa

234 3704 291 3773 leg'e
305 3702 443 3759 sanciatur.
472 3707 546 3760 lubet
562 3709 641 3776 igitur
658 3712 745 3762 orator
763 3710 847 3761 animo
866 3710 938 3779 quasi
956 3710 1114 3778 prospicere,
1132 3701 1200 3775 quod
1217 3706 1330 3759 futurum
1348 3708 1390 3771 sit,

234 3805 286 3844 non
308 3791 377 3860 quod
399 3792 512 3858 dicatur,
533 3795 637 3862 penitus
663 3790 826 3864 cognoscere.
862 3795 1021 3863 Quamquam
1038 3793 1182 3863 prospicite
1199 3792 1275 3847 etiarn
1294 3791 1390 3843 maiore

234 3875 349 3929 codicum
374 3879 526 3932 anctoritate
548 3880 700 3934 detenditur.
741 3880 858 3933 Licentia
884 3883 970 3932 autern
993 3882 1032 3932 est
1049 3878 1128 3930 nimia
1151 3876 1263 3940 libertas,
1282 3891 1346 3944 quae
1362 3877 1389 3928 in

233 3961 325 4015 XrirIs
346 3964 408 4028 erit,
431 3969 460 4016 ut
478 3967 613 4032 pecuniam
630 3967 715 4035 quoad
737 3967 825 4020 volent
842 3968 950 4018 retinere
968 3965 1108 4017 liceat.·—
1130 3960 1285 4029 reparatura
1300 3961 1389 4014 Xriris

232 4047 298 4114 ipsis
316 4049 343 4100 in
361 4050 494 4114 aerarium,
512 4053 637 4120 enipetun
646 4053 664 4105 i.
673 4069 694 4105 e.
707 4054 873 4121 magistratus
888 4051 979 4120 aliquis
993 4067 1007 4102 a
1019 4050 1109 4102 Xriris
1118 4049 1205 4118 exiget
1214 4048 1388 4116 rationemque

233 4131 339 4186 reddere
358 4139 441 4203 coget,
461 4140 584 4205 qnantum
606 4140 824 4208 consumpserint,
838 4135 970 4206 'quantum
991 4125 1122 4189 residuum
1140 4135 1183 4188 sit.
1219 4132 1258 4187 Gt.
1276 4137 1338 4187 orat.
1356 4132 1388 4198 Π,

233 4217 275 4282 27,
293 4219 327 4272 72
345 4227 371 4272 et
386 4220 485 4289 referre
502 4222 530 4273 in
548 4224 680 4276 ananiam
693 4226 735 4277 lea
750 4231 822 4277 aetat
833 4231 858 4276 ct
875 4223 946 4291 aaut
958 4220 1084 4290 probibet.
1096 4209 1130 4258 ’-
1147 4227 1193 4273 aut
1209 4219 1325 4271 invidiae
1343 4225 1390 4275 aut

229 4305 395 4373 pestilentiae
412 4307 533 4372 breviter,
551 4309 597 4361 sed
614 4310 753 4363 insolenter
770 4308 866 4362 dictum
883 4324 931 4377 prc
949 4308 1018 4376 agris
1035 4307 1168 4360 invidiosis
1187 4308 1232 4357 ant
1247 4302 1389 4373 pestilenti·

232 4391 288 4442 bus,
315 4391 440 4446 Invidiosi
453 4397 537 4446 autem
557 4397 662 4459 suntji,
680 4397 724 4463 qui
742 4396 774 4447 de
790 4395 866 4459 bonis
877 4393 1079 4464 proscriptorum
1097 4392 1130 4444 ad
1140 4392 1240 4444 hastam
1259 4390 1389 4443 Sullanam

231 4477 313 4544 empti
330 4481 402 4543 sunt3
428 4481 608 4533 machinantur
634 4481 701 4532 enim
727 4480 830 4539 illorum
847 4479 906 4544 lilii,
932 4483 960 4532 nt
984 4479 1138 4547 patrimonia
1160 4493 1207 4530 sua
1229 4477 1388 4556 recuperent

230 4562 386 4617 Pestilentes
405 4566 507 4634 quidem
524 4568 619 4620 multae
636 4569 723 4635 partes
740 4566 829 4619 Italiae
848 4570 920 4630 sunt,
937 4565 1008 4619 velut
1022 4581 1068 4618 ora
1084 4563 1213 4617 maritima
1228 4560 1345 4614 Etruriae
1356 4561 1390 4611 ‘et

230 4649 355 4718 Apuliam
374 4649 585 4723 Salpinorumque
602 4652 775 4723 pestilentiam
793 4655 973 4707 commemorat
990 4652 1047 4719 ipse
1064 4652 1129 4704 orat.
1146 4647 1179 4713 II,
1195 4645 1238 4720 37,
1256 4647 1297 4698 71.
