<?xml version="1.0" encoding="UTF-8"?>
<!DOCTYPE html PUBLIC "-//W3C//DTD XHTML 1.0 Transitional//EN"
    "http://www.w3.org/TR/xhtml1/DTD/xhtml1-transitional.dtd">
<html xmlns="http://www.w3.org/1999/xhtml" xml:lang="en" lang="en">
 <head>
  <title>
</title>
<meta http-equiv="Content-Type" content="text/html;charset=utf-8" />
  <meta name='ocr-system' content='tesseract 3.04.00' />
  <meta name='ocr-capabilities' content='ocr_page ocr_carea ocr_par ocr_line ocrx_word'/>
</head>
<body>
  <div class='ocr_page' id='page_1' title='image "./orationestresde00cicegoog/orationestresde00cicegoog_0208.png"; bbox 0 0 3550 5492; ppageno 0'>
   <div class='ocr_carea' id='block_1_1' title="bbox 808 562 1043 626">
    <p class='ocr_par' dir='ltr' id='par_1_1' title="bbox 808 562 1043 626">
     <span class='ocr_line' id='line_1_1' title="bbox 808 562 1043 626; baseline 0.009 -20"><span class='ocrx_word' id='word_1_1' title='bbox 808 562 1043 626; x_wconf 62' lang='lat'>...168-</span> 
     </span>
    </p>
   </div>
   <div class='ocr_carea' id='block_1_2' title="bbox 347 723 1494 1023">
    <p class='ocr_par' dir='ltr' id='par_1_2' title="bbox 347 723 1494 1023">
     <span class='ocr_line' id='line_1_2' title="bbox 351 723 1493 817; baseline -0.001 -21"><span class='ocrx_word' id='word_1_2' title='bbox 351 733 433 812; x_wconf 90' lang='lat' dir='ltr'>dam,</span> <span class='ocrx_word' id='word_1_3' title='bbox 456 751 528 794; x_wconf 92' lang='lat' dir='ltr'>cum</span> <span class='ocrx_word' id='word_1_4' title='bbox 550 724 687 811; x_wconf 79' lang='lat' dir='ltr'>agrariae</span> <span class='ocrx_word' id='word_1_5' title='bbox 708 723 770 807; x_wconf 93' lang='lat' dir='ltr'>legi</span> <span class='ocrx_word' id='word_1_6' title='bbox 791 723 911 788; x_wconf 87' lang='lat' dir='ltr'>resista.</span> <span class='ocrx_word' id='word_1_7' title='bbox 947 723 1066 791; x_wconf 81' lang='lat' dir='ltr'>Silvam</span> <span class='ocrx_word' id='word_1_8' title='bbox 1078 725 1238 792; x_wconf 84' lang='lat' dir='ltr'>Scantiam</span> <span class='ocrx_word' id='word_1_9' title='bbox 1253 731 1379 795; x_wconf 65' lang='lat' dir='ltr'>rendist</span> <span class='ocrx_word' id='word_1_10' title='bbox 1401 753 1493 817; x_wconf 90' lang='lat' dir='ltr'>respu-</span> 
     </span>
     <span class='ocr_line' id='line_1_3' title="bbox 347 828 1493 919; baseline 0 -20"><span class='ocrx_word' id='word_1_11' title='bbox 347 834 428 899; x_wconf 83' lang='lat' dir='ltr'>blica</span> <span class='ocrx_word' id='word_1_12' title='bbox 450 832 599 919; x_wconf 82' lang='lat' dir='ltr'><strong>possidet:</strong></span> <span class='ocrx_word' id='word_1_13' title='bbox 621 828 760 894; x_wconf 87' lang='lat' dir='ltr'>deiondo.</span> <span class='ocrx_word' id='word_1_14' title='bbox 798 828 994 913; x_wconf 85' lang='lat' dir='ltr'>Campanum</span> <span class='ocrx_word' id='word_1_15' title='bbox 1015 852 1125 914; x_wconf 85' lang='lat' dir='ltr'>agrurn</span> <span class='ocrx_word' id='word_1_16' title='bbox 1147 831 1277 898; x_wconf 86' lang='lat' dir='ltr'>dividis:</span> <span class='ocrx_word' id='word_1_17' title='bbox 1300 856 1354 899; x_wconf 89' lang='lat' dir='ltr'>vos</span> <span class='ocrx_word' id='word_1_18' title='bbox 1376 835 1493 899; x_wconf 89' lang='lat' dir='ltr'>estisin</span> 
     </span>
     <span class='ocr_line' id='line_1_4' title="bbox 347 930 1494 1023; baseline 0.001 -24"><span class='ocrx_word' id='word_1_19' title='bbox 347 936 554 1023; x_wconf 82' lang='lat' dir='ltr'>possessione:</span> <span class='ocrx_word' id='word_1_20' title='bbox 588 953 650 998; x_wconf 93' lang='lat' dir='ltr'>non</span> <span class='ocrx_word' id='word_1_21' title='bbox 683 931 764 996; x_wconf 85' lang='lat' dir='ltr'>cedo.</span> <span class='ocrx_word' id='word_1_22' title='bbox 815 930 935 996; x_wconf 82' lang='lat' dir='ltr'>Deinde</span> <span class='ocrx_word' id='word_1_23' title='bbox 962 932 1086 1014; x_wconf 89' lang='lat' dir='ltr'>ltaliae,</span> <span class='ocrx_word' id='word_1_24' title='bbox 1116 933 1241 999; x_wconf 87' lang='lat' dir='ltr'>Siciliae</span> <span class='ocrx_word' id='word_1_25' title='bbox 1274 942 1494 1021; x_wconf 86' lang='lat' dir='ltr'>ceterarumque</span> 
     </span>
    </p>
   </div>
   <div class='ocr_carea' id='block_1_3' title="bbox 308 1036 1495 2061">
    <p class='ocr_par' dir='ltr' id='par_1_3' title="bbox 308 1036 1495 2061">
     <span class='ocr_line' id='line_1_5' title="bbox 348 1036 1493 1127; baseline -0.002 -22"><span class='ocrx_word' id='word_1_26' title='bbox 348 1040 576 1127; x_wconf 85' lang='lat' dir='ltr'>provinciarum</span> <span class='ocrx_word' id='word_1_27' title='bbox 598 1036 806 1124; x_wconf 88' lang='lat' dir='ltr'>possessiones</span> <span class='ocrx_word' id='word_1_28' title='bbox 828 1036 953 1102; x_wconf 88' lang='lat' dir='ltr'>venales</span> <span class='ocrx_word' id='word_1_29' title='bbox 974 1057 1010 1101; x_wconf 91' lang='lat' dir='ltr'>ac</span> <span class='ocrx_word' id='word_1_30' title='bbox 1030 1037 1215 1124; x_wconf 86' lang='lat' dir='ltr'>proscriptas</span> <span class='ocrx_word' id='word_1_31' title='bbox 1233 1038 1291 1104; x_wconf 91' lang='lat' dir='ltr'>hac</span> <span class='ocrx_word' id='word_1_32' title='bbox 1312 1040 1380 1124; x_wconf 87' lang='lat' dir='ltr'>lege</span> <span class='ocrx_word' id='word_1_33' title='bbox 1401 1041 1493 1106; x_wconf 89' lang='lat' dir='ltr'>video:</span> 
     </span>
     <span class='ocr_line' id='line_1_6' title="bbox 348 1138 1494 1234; baseline -0.002 -26"><span class='ocrx_word' id='word_1_34' title='bbox 348 1148 452 1209; x_wconf 88' lang='lat' dir='ltr'>vestra</span> <span class='ocrx_word' id='word_1_35' title='bbox 472 1148 546 1206; x_wconf 90' lang='lat' dir='ltr'>sunt</span> <span class='ocrx_word' id='word_1_36' title='bbox 567 1139 708 1226; x_wconf 90' lang='lat' dir='ltr'>praedia,</span> <span class='ocrx_word' id='word_1_37' title='bbox 737 1145 856 1203; x_wconf 87' lang='lat' dir='ltr'>vestrae</span> <span class='ocrx_word' id='word_1_38' title='bbox 877 1139 1098 1224; x_wconf 88' lang='lat' dir='ltr'>possessiones:</span> <span class='ocrx_word' id='word_1_39' title='bbox 1125 1138 1268 1205; x_wconf 90' lang='lat' dir='ltr'>resistam</span> <span class='ocrx_word' id='word_1_40' title='bbox 1295 1148 1390 1234; x_wconf 86' lang='lat' dir='ltr'>atque</span> <span class='ocrx_word' id='word_1_41' title='bbox 1416 1163 1494 1228; x_wconf 91' lang='lat' dir='ltr'>repn-</span> 
     </span>
     <span class='ocr_line' id='line_1_7' title="bbox 348 1236 1495 1333; baseline -0.002 -21"><span class='ocrx_word' id='word_1_42' title='bbox 348 1249 449 1333; x_wconf 90' lang='lat' dir='ltr'>gnabo</span> <span class='ocrx_word' id='word_1_43' title='bbox 470 1267 570 1330; x_wconf 93' lang='lat' dir='ltr'>neque</span> <span class='ocrx_word' id='word_1_44' title='bbox 592 1245 692 1331; x_wconf 87' lang='lat' dir='ltr'>patiar</span> <span class='ocrx_word' id='word_1_45' title='bbox 707 1266 726 1307; x_wconf 89' lang='lat' dir='ltr'>a</span> <span class='ocrx_word' id='word_1_46' title='bbox 740 1264 895 1328; x_wconf 91' lang='lat' dir='ltr'>quoquam</span> <span class='ocrx_word' id='word_1_47' title='bbox 917 1243 1140 1329; x_wconf 83' lang='lat' dir='ltr'>rempublicam</span> <span class='ocrx_word' id='word_1_48' title='bbox 1162 1244 1199 1310; x_wconf 88' lang='lat' dir='ltr'>de</span> <span class='ocrx_word' id='word_1_49' title='bbox 1217 1245 1282 1310; x_wconf 89' lang='lat' dir='ltr'>suis</span> <span class='ocrx_word' id='word_1_50' title='bbox 1304 1236 1495 1331; x_wconf 87' lang='lat' dir='ltr'>possessioni-</span> 
     </span>
     <span class='ocr_line' id='line_1_8' title="bbox 348 1348 1493 1435; baseline -0.002 -19"><span class='ocrx_word' id='word_1_51' title='bbox 348 1353 406 1416; x_wconf 86' lang='lat' dir='ltr'>bus</span> <span class='ocrx_word' id='word_1_52' title='bbox 427 1372 478 1415; x_wconf 91' lang='lat' dir='ltr'>me</span> <span class='ocrx_word' id='word_1_53' title='bbox 499 1349 624 1416; x_wconf 90' lang='lat' dir='ltr'>consule</span> <span class='ocrx_word' id='word_1_54' title='bbox 647 1348 806 1431; x_wconf 83' lang='lat' dir='ltr'>dimoveri,</span> <span class='ocrx_word' id='word_1_55' title='bbox 829 1348 1010 1434; x_wconf 90' lang='lat' dir='ltr'>praesertim</span> <span class='ocrx_word' id='word_1_56' title='bbox 1032 1370 1103 1412; x_wconf 93' lang='lat' dir='ltr'>cum</span> <span class='ocrx_word' id='word_1_57' title='bbox 1117 1348 1203 1414; x_wconf 79' lang='lat' dir='ltr'>vobis</span> <span class='ocrx_word' id='word_1_58' title='bbox 1226 1349 1306 1415; x_wconf 89' lang='lat' dir='ltr'>nihil</span> <span class='ocrx_word' id='word_1_59' title='bbox 1328 1357 1493 1435; x_wconf 90' lang='lat' dir='ltr'>quaeratur.</span> 
     </span>
     <span class='ocr_line' id='line_1_9' title="bbox 308 1453 1494 1540; baseline -0.004 -18"><span class='ocrx_word' id='word_1_60' title='bbox 308 1456 413 1522; x_wconf 74' lang='lat'><strong>161100</strong></span> <span class='ocrx_word' id='word_1_61' title='bbox 436 1455 520 1521; x_wconf 93' lang='lat' dir='ltr'>enim</span> <span class='ocrx_word' id='word_1_62' title='bbox 542 1476 596 1521; x_wconf 91' lang='lat' dir='ltr'>vos</span> <span class='ocrx_word' id='word_1_63' title='bbox 618 1455 776 1519; x_wconf 88' lang='lat' dir='ltr'>inerrare</span> <span class='ocrx_word' id='word_1_64' title='bbox 798 1454 914 1518; x_wconf 90' lang='lat' dir='ltr'>versari</span> <span class='ocrx_word' id='word_1_65' title='bbox 937 1453 1055 1518; x_wconf 90' lang='lat' dir='ltr'>diutius</span> <span class='ocrx_word' id='word_1_66' title='bbox 1078 1475 1139 1518; x_wconf 94' lang='lat' dir='ltr'>non</span> <span class='ocrx_word' id='word_1_67' title='bbox 1162 1460 1289 1540; x_wconf 86' lang='lat' dir='ltr'>oportet</span> <span class='ocrx_word' id='word_1_68' title='bbox 1328 1454 1494 1538; x_wconf 88' lang='lat' dir='ltr'>Numquis</span> 
     </span>
     <span class='ocr_line' id='line_1_10' title="bbox 348 1558 1495 1642; baseline -0.002 -18"><span class='ocrx_word' id='word_1_69' title='bbox 348 1566 486 1627; x_wconf 86' lang='lat' dir='ltr'>vestrum</span> <span class='ocrx_word' id='word_1_70' title='bbox 515 1561 555 1626; x_wconf 88' lang='lat' dir='ltr'>ad</span> <span class='ocrx_word' id='word_1_71' title='bbox 587 1560 668 1642; x_wconf 79' lang='lat' dir='ltr'>vim,</span> <span class='ocrx_word' id='word_1_72' title='bbox 702 1559 741 1623; x_wconf 92' lang='lat' dir='ltr'>ad</span> <span class='ocrx_word' id='word_1_73' title='bbox 774 1560 904 1641; x_wconf 87' lang='lat' dir='ltr'>facinus,</span> <span class='ocrx_word' id='word_1_74' title='bbox 938 1559 977 1623; x_wconf 87' lang='lat' dir='ltr'>ad</span> <span class='ocrx_word' id='word_1_75' title='bbox 1004 1559 1128 1623; x_wconf 89' lang='lat' dir='ltr'>caedem</span> <span class='ocrx_word' id='word_1_76' title='bbox 1162 1559 1409 1626; x_wconf 87' lang='lat' dir='ltr'>accommodatus</span> <span class='ocrx_word' id='word_1_77' title='bbox 1438 1558 1495 1625; x_wconf 89' lang='lat' dir='ltr'>est?</span> 
     </span>
     <span class='ocr_line' id='line_1_11' title="bbox 347 1647 1494 1750; baseline 0 -22"><span class='ocrx_word' id='word_1_78' title='bbox 347 1647 453 1728; x_wconf 80' lang='lat' dir='ltr'>Nemo.</span> <span class='ocrx_word' id='word_1_79' title='bbox 492 1664 591 1750; x_wconf 80' lang='lat' dir='ltr'>Atqui</span> <span class='ocrx_word' id='word_1_80' title='bbox 612 1664 641 1728; x_wconf 92' lang='lat' dir='ltr'>ei</span> <span class='ocrx_word' id='word_1_81' title='bbox 664 1663 769 1748; x_wconf 80' lang='lat' dir='ltr'>generi</span> <span class='ocrx_word' id='word_1_82' title='bbox 790 1662 963 1745; x_wconf 90' lang='lat' dir='ltr'>hominum,</span> <span class='ocrx_word' id='word_1_83' title='bbox 985 1662 1064 1727; x_wconf 92' lang='lat' dir='ltr'>mihi</span> <span class='ocrx_word' id='word_1_84' title='bbox 1090 1663 1213 1742; x_wconf 80' lang='lat' dir='ltr'>credite,</span> <span class='ocrx_word' id='word_1_85' title='bbox 1236 1664 1415 1750; x_wconf 81' lang='lat' dir='ltr'>Campanus</span> <span class='ocrx_word' id='word_1_86' title='bbox 1435 1685 1494 1748; x_wconf 89' lang='lat' dir='ltr'>ager</span> 
     </span>
     <span class='ocr_line' id='line_1_12' title="bbox 347 1766 1494 1853; baseline 0.001 -23"><span class='ocrx_word' id='word_1_87' title='bbox 347 1773 380 1832; x_wconf 87' lang='lat' dir='ltr'>et</span> <span class='ocrx_word' id='word_1_88' title='bbox 400 1767 557 1851; x_wconf 88' lang='lat' dir='ltr'>praeclara</span> <span class='ocrx_word' id='word_1_89' title='bbox 578 1766 634 1832; x_wconf 90' lang='lat' dir='ltr'>illa</span> <span class='ocrx_word' id='word_1_90' title='bbox 655 1767 763 1853; x_wconf 79' lang='lat' dir='ltr'>Capua</span> <span class='ocrx_word' id='word_1_91' title='bbox 784 1768 967 1833; x_wconf 63' lang='lat' dir='ltr'>seruabitur·</span> <span class='ocrx_word' id='word_1_92' title='bbox 1004 1766 1165 1833; x_wconf 77' lang='lat' dir='ltr'>Exercitus</span> <span class='ocrx_word' id='word_1_93' title='bbox 1185 1773 1292 1832; x_wconf 86' lang='lat' dir='ltr'>contra</span> <span class='ocrx_word' id='word_1_94' title='bbox 1312 1788 1378 1850; x_wconf 85' lang='lat' dir='ltr'>vos,</span> <span class='ocrx_word' id='word_1_95' title='bbox 1401 1773 1494 1833; x_wconf 83' lang='lat' dir='ltr'>oontm</span> 
     </span>
     <span class='ocr_line' id='line_1_13' title="bbox 347 1870 1493 1955; baseline -0.003 -18"><span class='ocrx_word' id='word_1_96' title='bbox 347 1871 520 1937; x_wconf 87' lang='lat' dir='ltr'>libertatem</span> <span class='ocrx_word' id='word_1_97' title='bbox 549 1879 701 1955; x_wconf 88' lang='lat' dir='ltr'>vestram,</span> <span class='ocrx_word' id='word_1_98' title='bbox 730 1877 836 1937; x_wconf 89' lang='lat' dir='ltr'>contra</span> <span class='ocrx_word' id='word_1_99' title='bbox 858 1871 915 1935; x_wconf 82' lang='lat' dir='ltr'>Cn.</span> <span class='ocrx_word' id='word_1_100' title='bbox 939 1871 1121 1955; x_wconf 91' lang='lat' dir='ltr'>Pompeium</span> <span class='ocrx_word' id='word_1_101' title='bbox 1153 1870 1366 1936; x_wconf 84' lang='lat' dir='ltr'>constituitur:</span> <span class='ocrx_word' id='word_1_102' title='bbox 1401 1876 1493 1936; x_wconf 86' lang='lat' dir='ltr'>eontra</span> 
     </span>
     <span class='ocr_line' id='line_1_14' title="bbox 346 1973 1493 2061; baseline -0.003 -20"><span class='ocrx_word' id='word_1_103' title='bbox 346 1996 402 2041; x_wconf 87' lang='lat' dir='ltr'>vos</span> <span class='ocrx_word' id='word_1_104' title='bbox 424 1997 535 2041; x_wconf 89' lang='lat' dir='ltr'>manns</span> <span class='ocrx_word' id='word_1_105' title='bbox 558 1975 721 2042; x_wconf 92' lang='lat' dir='ltr'>hominum</span> <span class='ocrx_word' id='word_1_106' title='bbox 742 1973 1027 2055; x_wconf 80' lang='lat' dir='ltr'>audacissimorum,</span> <span class='ocrx_word' id='word_1_107' title='bbox 1050 1979 1156 2039; x_wconf 89' lang='lat' dir='ltr'>eontra</span> <span class='ocrx_word' id='word_1_108' title='bbox 1177 1973 1232 2037; x_wconf 85' lang='lat' dir='ltr'>Cn.</span> <span class='ocrx_word' id='word_1_109' title='bbox 1247 1974 1430 2061; x_wconf 90' lang='lat' dir='ltr'>Pompeium</span> <span class='ocrx_word' id='word_1_110' title='bbox 1452 1975 1493 2039; x_wconf 89' lang='lat' dir='ltr'>dc-</span> 
     </span>
    </p>
   </div>
   <div class='ocr_carea' id='block_1_4' title="bbox 347 2125 1492 2337">
    <p class='ocr_par' dir='ltr' id='par_1_4' title="bbox 347 2125 1492 2337">
     <span class='ocr_line' id='line_1_15' title="bbox 393 2125 1492 2208; baseline 0.003 -13"><span class='ocrx_word' id='word_1_111' title='bbox 393 2125 399 2144; x_wconf 40' lang='lat' dir='ltr'>l</span> <span class='ocrx_word' id='word_1_112' title='bbox 434 2159 520 2196; x_wconf 69' lang='lat' dir='ltr'>aenam.-</span> <span class='ocrx_word' id='word_1_113' title='bbox 535 2158 629 2206; x_wconf 73' lang='lat' dir='ltr'>maiae</span> <span class='ocrx_word' id='word_1_114' title='bbox 646 2158 755 2197; x_wconf 67' lang='lat' dir='ltr'>mnae</span> <span class='ocrx_word' id='word_1_115' title='bbox 770 2159 872 2206; x_wconf 71' lang='lat' dir='ltr'>murder.</span> <span class='ocrx_word' id='word_1_116' title='bbox 894 2177 920 2188; x_wconf 89' lang='lat'>-</span> <span class='ocrx_word' id='word_1_117' title='bbox 940 2159 996 2196; x_wconf 78' lang='lat' dir='ltr'>cedo.</span> <span class='ocrx_word' id='word_1_118' title='bbox 1024 2157 1119 2206; x_wconf 73' lang='lat' dir='ltr'>reasque</span> <span class='ocrx_word' id='word_1_119' title='bbox 1135 2156 1220 2197; x_wconf 77' lang='lat' dir='ltr'>Italiae.</span> <span class='ocrx_word' id='word_1_120' title='bbox 1239 2178 1265 2188; x_wconf 91' lang='lat'><em>-</em></span> <span class='ocrx_word' id='word_1_121' title='bbox 1282 2168 1389 2206; x_wconf 77' lang='lat' dir='ltr'>quoquam</span> <span class='ocrx_word' id='word_1_122' title='bbox 1402 2161 1492 2208; x_wconf 73' lang='lat' dir='ltr'>papalem</span> 
     </span>
     <span class='ocr_line' id='line_1_16' title="bbox 347 2226 1492 2276; baseline 0 -9"><span class='ocrx_word' id='word_1_123' title='bbox 347 2228 467 2267; x_wconf 71' lang='lat' dir='ltr'>mmm</span> <span class='ocrx_word' id='word_1_124' title='bbox 480 2228 508 2265; x_wconf 77' lang='lat' dir='ltr'>de</span> <span class='ocrx_word' id='word_1_125' title='bbox 520 2227 572 2266; x_wconf 75' lang='lat' dir='ltr'>raia.</span> <span class='ocrx_word' id='word_1_126' title='bbox 583 2244 610 2257; x_wconf 93' lang='lat'><em>-</em></span> <span class='ocrx_word' id='word_1_127' title='bbox 622 2227 735 2266; x_wconf 69' lang='lat' dir='ltr'>moveri.</span> <span class='ocrx_word' id='word_1_128' title='bbox 749 2248 773 2256; x_wconf 90' lang='lat'><em>-</em></span> <span class='ocrx_word' id='word_1_129' title='bbox 780 2228 920 2276; x_wconf 61' lang='lat' dir='ltr'>maerorum,</span> <span class='ocrx_word' id='word_1_130' title='bbox 933 2226 1035 2274; x_wconf 62' lang='lat' dir='ltr'>Quiritem</span> <span class='ocrx_word' id='word_1_131' title='bbox 1048 2236 1100 2266; x_wconf 79' lang='lat' dir='ltr'>eam</span> <span class='ocrx_word' id='word_1_132' title='bbox 1109 2246 1135 2256; x_wconf 93' lang='lat'><em>-</em></span> <span class='ocrx_word' id='word_1_133' title='bbox 1143 2226 1207 2267; x_wconf 61' lang='lat' dir='ltr'>16.ss</span> <span class='ocrx_word' id='word_1_134' title='bbox 1218 2227 1258 2267; x_wconf 79' lang='lat' dir='ltr'>boe</span> <span class='ocrx_word' id='word_1_135' title='bbox 1269 2228 1326 2267; x_wconf 76' lang='lat' dir='ltr'>enim</span> <span class='ocrx_word' id='word_1_136' title='bbox 1338 2237 1376 2267; x_wconf 78' lang='lat' dir='ltr'>coe</span> <span class='ocrx_word' id='word_1_137' title='bbox 1388 2238 1492 2268; x_wconf 80' lang='lat' dir='ltr'>errore.-</span> 
     </span>
     <span class='ocr_line' id='line_1_17' title="bbox 347 2301 453 2337; baseline -0.028 0"><span class='ocrx_word' id='word_1_138' title='bbox 347 2301 453 2337; x_wconf 69' lang='lat' dir='ltr'>amatur.</span> 
     </span>
    </p>
   </div>
   <div class='ocr_carea' id='block_1_5' title="bbox 283 2422 1506 4724">
    <p class='ocr_par' dir='ltr' id='par_1_5' title="bbox 346 2422 1497 3089">
     <span class='ocr_line' id='line_1_18' title="bbox 348 2422 1494 2496; baseline 0 -18"><span class='ocrx_word' id='word_1_139' title='bbox 348 2425 417 2478; x_wconf 84' lang='lat' dir='ltr'>silva</span> <span class='ocrx_word' id='word_1_140' title='bbox 426 2423 537 2478; x_wconf 79' lang='lat' dir='ltr'>Scantia</span> <span class='ocrx_word' id='word_1_141' title='bbox 546 2424 579 2477; x_wconf 85' lang='lat' dir='ltr'>ci.</span> <span class='ocrx_word' id='word_1_142' title='bbox 595 2425 627 2476; x_wconf 88' lang='lat' dir='ltr'>ad</span> <span class='ocrx_word' id='word_1_143' title='bbox 638 2426 703 2482; x_wconf 71' lang='lat' dir='ltr'>orae</span> <span class='ocrx_word' id='word_1_144' title='bbox 712 2422 733 2489; x_wconf 87' lang='lat'>1,</span> <span class='ocrx_word' id='word_1_145' title='bbox 743 2424 800 2489; x_wconf 88' lang='grc'><strong>1,3.</strong></span> <span class='ocrx_word' id='word_1_146' title='bbox 818 2453 851 2463; x_wconf 89' lang='lat'>-</span> <span class='ocrx_word' id='word_1_147' title='bbox 869 2425 1015 2496; x_wconf 76' lang='lat' dir='ltr'>respublica</span> <span class='ocrx_word' id='word_1_148' title='bbox 1030 2425 1154 2494; x_wconf 81' lang='lat' dir='ltr'>possidet.</span> <span class='ocrx_word' id='word_1_149' title='bbox 1189 2427 1293 2480; x_wconf 82' lang='lat' dir='ltr'>Retinui</span> <span class='ocrx_word' id='word_1_150' title='bbox 1309 2428 1378 2481; x_wconf 83' lang='lat' dir='ltr'>hanc</span> <span class='ocrx_word' id='word_1_151' title='bbox 1394 2428 1494 2480; x_wconf 88' lang='lat' dir='ltr'>omniun</span> 
     </span>
     <span class='ocr_line' id='line_1_19' title="bbox 349 2510 1494 2583; baseline -0.002 -19"><span class='ocrx_word' id='word_1_152' title='bbox 349 2511 466 2564; x_wconf 79' lang='lat' dir='ltr'>codicum</span> <span class='ocrx_word' id='word_1_153' title='bbox 483 2511 628 2575; x_wconf 79' lang='lat' dir='ltr'>lectionem,</span> <span class='ocrx_word' id='word_1_154' title='bbox 651 2511 701 2564; x_wconf 81' lang='lat' dir='ltr'>etsi</span> <span class='ocrx_word' id='word_1_155' title='bbox 718 2511 786 2578; x_wconf 90' lang='lat' dir='ltr'>quod</span> <span class='ocrx_word' id='word_1_156' title='bbox 803 2511 969 2566; x_wconf 87' lang='lat' dir='ltr'>Lauredanus</span> <span class='ocrx_word' id='word_1_157' title='bbox 986 2511 1090 2579; x_wconf 82' lang='lat' dir='ltr'>scripsit</span> <span class='ocrx_word' id='word_1_158' title='bbox 1105 2513 1217 2581; x_wconf 86' lang='lat' dir='ltr'>populas</span> <span class='ocrx_word' id='word_1_159' title='bbox 1234 2510 1369 2566; x_wconf 80' lang='lat' dir='ltr'>Romanas</span> <span class='ocrx_word' id='word_1_160' title='bbox 1382 2512 1494 2583; x_wconf 82' lang='lat' dir='ltr'>possidet,</span> 
     </span>
     <span class='ocr_line' id='line_1_20' title="bbox 349 2594 1495 2666; baseline 0.004 -20"><span class='ocrx_word' id='word_1_161' title='bbox 349 2598 376 2647; x_wconf 88' lang='lat' dir='ltr'>et</span> <span class='ocrx_word' id='word_1_162' title='bbox 392 2595 515 2647; x_wconf 85' lang='lat' dir='ltr'>facillima</span> <span class='ocrx_word' id='word_1_163' title='bbox 532 2595 671 2648; x_wconf 91' lang='lat' dir='ltr'>mutatione</span> <span class='ocrx_word' id='word_1_164' title='bbox 695 2594 805 2648; x_wconf 85' lang='lat' dir='ltr'>efficitur</span> <span class='ocrx_word' id='word_1_165' title='bbox 822 2596 930 2649; x_wconf 69' lang='lat' dir='ltr'>et‘ierri</span> <span class='ocrx_word' id='word_1_166' title='bbox 947 2599 1042 2664; x_wconf 89' lang='lat' dir='ltr'>potest.</span> <span class='ocrx_word' id='word_1_167' title='bbox 1081 2596 1134 2650; x_wconf 84' lang='lat' dir='ltr'>Sed</span> <span class='ocrx_word' id='word_1_168' title='bbox 1152 2597 1253 2650; x_wconf 87' lang='lat' dir='ltr'>ridetur</span> <span class='ocrx_word' id='word_1_169' title='bbox 1275 2596 1410 2666; x_wconf 87' lang='lat' dir='ltr'>paululum</span> <span class='ocrx_word' id='word_1_170' title='bbox 1430 2599 1495 2651; x_wconf 85' lang='lat' dir='ltr'>inter·</span> 
     </span>
     <span class='ocr_line' id='line_1_21' title="bbox 348 2680 1495 2753; baseline 0.002 -20"><span class='ocrx_word' id='word_1_171' title='bbox 348 2696 414 2734; x_wconf 84' lang='lat' dir='ltr'>esss.</span> <span class='ocrx_word' id='word_1_172' title='bbox 449 2680 515 2733; x_wconf 90' lang='lat' dir='ltr'>Nam</span> <span class='ocrx_word' id='word_1_173' title='bbox 536 2680 720 2750; x_wconf 79' lang='lat' dir='ltr'>rempublicam</span> <span class='ocrx_word' id='word_1_174' title='bbox 744 2698 802 2735; x_wconf 87' lang='lat' dir='ltr'>cum</span> <span class='ocrx_word' id='word_1_175' title='bbox 820 2681 952 2750; x_wconf 85' lang='lat' dir='ltr'>possidere</span> <span class='ocrx_word' id='word_1_176' title='bbox 975 2681 1052 2747; x_wconf 88' lang='lat' dir='ltr'>dicit,</span> <span class='ocrx_word' id='word_1_177' title='bbox 1075 2682 1202 2752; x_wconf 87' lang='lat' dir='ltr'>significat</span> <span class='ocrx_word' id='word_1_178' title='bbox 1225 2685 1351 2737; x_wconf 89' lang='lat' dir='ltr'>aerarium</span> <span class='ocrx_word' id='word_1_179' title='bbox 1368 2684 1495 2753; x_wconf 84' lang='lat' dir='ltr'>possidere,</span> 
     </span>
     <span class='ocr_line' id='line_1_22' title="bbox 349 2763 1496 2838; baseline 0.005 -22"><span class='ocrx_word' id='word_1_180' title='bbox 349 2764 462 2834; x_wconf 86' lang='lat' dir='ltr'>vectigal</span> <span class='ocrx_word' id='word_1_181' title='bbox 479 2763 609 2833; x_wconf 90' lang='lat' dir='ltr'>publicum</span> <span class='ocrx_word' id='word_1_182' title='bbox 629 2780 661 2817; x_wconf 86' lang='lat' dir='ltr'>ex</span> <span class='ocrx_word' id='word_1_183' title='bbox 678 2781 710 2817; x_wconf 87' lang='lat' dir='ltr'>sa</span> <span class='ocrx_word' id='word_1_184' title='bbox 727 2782 755 2819; x_wconf 87' lang='lat' dir='ltr'>rs</span> <span class='ocrx_word' id='word_1_185' title='bbox 773 2765 865 2829; x_wconf 89' lang='lat' dir='ltr'>redire,</span> <span class='ocrx_word' id='word_1_186' title='bbox 883 2767 952 2835; x_wconf 91' lang='lat' dir='ltr'>quod</span> <span class='ocrx_word' id='word_1_187' title='bbox 969 2769 996 2820; x_wconf 91' lang='lat' dir='ltr'>in</span> <span class='ocrx_word' id='word_1_188' title='bbox 1015 2769 1112 2838; x_wconf 87' lang='lat' dir='ltr'>papale</span> <span class='ocrx_word' id='word_1_189' title='bbox 1130 2768 1247 2823; x_wconf 77' lang='lat' dir='ltr'>Romaaoo</span> <span class='ocrx_word' id='word_1_190' title='bbox 1270 2785 1322 2825; x_wconf 91' lang='lat' dir='ltr'>non</span> <span class='ocrx_word' id='word_1_191' title='bbox 1343 2786 1450 2825; x_wconf 88' lang='lat' dir='ltr'>necesse</span> <span class='ocrx_word' id='word_1_192' title='bbox 1466 2769 1496 2822; x_wconf 85' lang='lat' dir='ltr'>ert</span> 
     </span>
     <span class='ocr_line' id='line_1_23' title="bbox 347 2836 1497 2923; baseline -0.002 -19"><span class='ocrx_word' id='word_1_193' title='bbox 347 2852 439 2904; x_wconf 87' lang='lat' dir='ltr'>inesse.</span> <span class='ocrx_word' id='word_1_194' title='bbox 475 2836 559 2912; x_wconf 70' lang='lat' dir='ltr'>Quare</span> <span class='ocrx_word' id='word_1_195' title='bbox 576 2850 653 2903; x_wconf 89' lang='lat' dir='ltr'>etiam</span> <span class='ocrx_word' id='word_1_196' title='bbox 671 2850 749 2919; x_wconf 88' lang='lat' dir='ltr'>paulo</span> <span class='ocrx_word' id='word_1_197' title='bbox 767 2854 828 2918; x_wconf 91' lang='lat' dir='ltr'>post</span> <span class='ocrx_word' id='word_1_198' title='bbox 844 2850 992 2905; x_wconf 90' lang='lat' dir='ltr'>melioribus</span> <span class='ocrx_word' id='word_1_199' title='bbox 1012 2849 1158 2917; x_wconf 78' lang='lat' dir='ltr'>cddidhus,</span> <span class='ocrx_word' id='word_1_200' title='bbox 1175 2854 1218 2922; x_wconf 91' lang='lat' dir='ltr'>qui</span> <span class='ocrx_word' id='word_1_201' title='bbox 1241 2853 1438 2923; x_wconf 80' lang='lat' dir='ltr'>rempublicam,</span> <span class='ocrx_word' id='word_1_202' title='bbox 1456 2866 1497 2906; x_wconf 91' lang='lat' dir='ltr'>non</span> 
     </span>
     <span class='ocr_line' id='line_1_24' title="bbox 346 2932 1497 3004; baseline 0.003 -18"><span class='ocrx_word' id='word_1_203' title='bbox 346 2935 471 3004; x_wconf 84' lang='lat' dir='ltr'>papulam</span> <span class='ocrx_word' id='word_1_204' title='bbox 489 2933 635 2988; x_wconf 81' lang='lat' dir='ltr'>Romanam</span> <span class='ocrx_word' id='word_1_205' title='bbox 651 2935 755 3000; x_wconf 89' lang='lat' dir='ltr'>babent,</span> <span class='ocrx_word' id='word_1_206' title='bbox 772 2936 858 3003; x_wconf 90' lang='lat' dir='ltr'>parui.</span> <span class='ocrx_word' id='word_1_207' title='bbox 885 2935 959 2998; x_wconf 87' lang='lat' dir='ltr'>Quod</span> <span class='ocrx_word' id='word_1_208' title='bbox 972 2939 1056 2990; x_wconf 89' lang='lat' dir='ltr'>autem</span> <span class='ocrx_word' id='word_1_209' title='bbox 1075 2936 1201 2991; x_wconf 80' lang='lat' dir='ltr'>de&#39;auoveri</span> <span class='ocrx_word' id='word_1_210' title='bbox 1217 2938 1351 3003; x_wconf 86' lang='lat' dir='ltr'>edidimus,</span> <span class='ocrx_word' id='word_1_211' title='bbox 1362 2932 1402 2993; x_wconf 83' lang='lat' dir='ltr'>ci.</span> <span class='ocrx_word' id='word_1_212' title='bbox 1414 2937 1497 2993; x_wconf 78' lang='lat' dir='ltr'>adGie.</span> 
     </span>
     <span class='ocr_line' id='line_1_25' title="bbox 347 3019 1388 3089; baseline 0.002 -16"><span class='ocrx_word' id='word_1_213' title='bbox 347 3037 373 3089; x_wconf 87' lang='lat' dir='ltr'>p.</span> <span class='ocrx_word' id='word_1_214' title='bbox 390 3021 454 3074; x_wconf 82' lang='lat' dir='ltr'>ilar.</span> <span class='ocrx_word' id='word_1_215' title='bbox 472 3019 515 3085; x_wconf 88' lang='grc'>38,</span> <span class='ocrx_word' id='word_1_216' title='bbox 533 3019 567 3075; x_wconf 77' lang='grc'>82</span> <span class='ocrx_word' id='word_1_217' title='bbox 584 3023 611 3072; x_wconf 90' lang='lat' dir='ltr'>et</span> <span class='ocrx_word' id='word_1_218' title='bbox 627 3036 706 3088; x_wconf 87' lang='lat' dir='ltr'>supra</span> <span class='ocrx_word' id='word_1_219' title='bbox 724 3020 757 3073; x_wconf 90' lang='lat' dir='ltr'>ad</span> <span class='ocrx_word' id='word_1_220' title='bbox 775 3025 839 3074; x_wconf 85' lang='lat' dir='ltr'>orat</span> <span class='ocrx_word' id='word_1_221' title='bbox 857 3020 877 3085; x_wconf 87' lang='lat'>1,</span> <span class='ocrx_word' id='word_1_222' title='bbox 896 3021 939 3087; x_wconf 77' lang='lat'>29,</span> <span class='ocrx_word' id='word_1_223' title='bbox 955 3021 998 3076; x_wconf 82' lang='lat'>81.</span> <span class='ocrx_word' id='word_1_224' title='bbox 1385 3082 1388 3087; x_wconf 47' lang='grc'><strong>,</strong></span> 
     </span>
    </p>

    <p class='ocr_par' dir='ltr' id='par_1_6' title="bbox 283 3106 1506 4724">
     <span class='ocr_line' id='line_1_26' title="bbox 436 3106 1500 3177; baseline 0.003 -19"><span class='ocrx_word' id='word_1_225' title='bbox 436 3106 475 3160; x_wconf 85' lang='grc'>16.</span> <span class='ocrx_word' id='word_1_226' title='bbox 499 3107 528 3158; x_wconf 82' lang='lat' dir='ltr'>ia</span> <span class='ocrx_word' id='word_1_227' title='bbox 551 3121 646 3159; x_wconf 76' lang='lat' dir='ltr'>errore.</span> <span class='ocrx_word' id='word_1_228' title='bbox 685 3106 909 3176; x_wconf 81' lang='lat' dir='ltr'>Praepositionom</span> <span class='ocrx_word' id='word_1_229' title='bbox 932 3122 989 3163; x_wconf 89' lang='lat' dir='ltr'>cum</span> <span class='ocrx_word' id='word_1_230' title='bbox 1013 3108 1114 3161; x_wconf 87' lang='lat' dir='ltr'>codices</span> <span class='ocrx_word' id='word_1_231' title='bbox 1136 3109 1266 3176; x_wconf 85' lang='lat' dir='ltr'>omittant,</span> <span class='ocrx_word' id='word_1_232' title='bbox 1293 3111 1392 3177; x_wconf 86' lang='lat' dir='ltr'>primus</span> <span class='ocrx_word' id='word_1_233' title='bbox 1415 3109 1500 3163; x_wconf 86' lang='lat' dir='ltr'>adiecit</span> 
     </span>
     <span class='ocr_line' id='line_1_27' title="bbox 347 3191 1500 3260; baseline 0.003 -16"><span class='ocrx_word' id='word_1_234' title='bbox 347 3191 463 3244; x_wconf 86' lang='lat' dir='ltr'>Iuntinus</span> <span class='ocrx_word' id='word_1_235' title='bbox 486 3191 569 3244; x_wconf 86' lang='lat' dir='ltr'>editor</span> <span class='ocrx_word' id='word_1_236' title='bbox 590 3191 719 3260; x_wconf 77' lang='lat' dir='ltr'>montique</span> <span class='ocrx_word' id='word_1_237' title='bbox 741 3195 802 3244; x_wconf 86' lang='lat' dir='ltr'>sunt</span> <span class='ocrx_word' id='word_1_238' title='bbox 827 3193 919 3246; x_wconf 88' lang='lat' dir='ltr'>merito</span> <span class='ocrx_word' id='word_1_239' title='bbox 941 3192 1055 3260; x_wconf 86' lang='lat' dir='ltr'>plurimi.</span> <span class='ocrx_word' id='word_1_240' title='bbox 1089 3192 1156 3247; x_wconf 90' lang='lat' dir='ltr'>Nam</span> <span class='ocrx_word' id='word_1_241' title='bbox 1172 3195 1276 3247; x_wconf 81' lang='lat' dir='ltr'>versari</span> <span class='ocrx_word' id='word_1_242' title='bbox 1300 3211 1397 3260; x_wconf 80' lang='lat' dir='ltr'>errore,</span> <span class='ocrx_word' id='word_1_243' title='bbox 1425 3194 1500 3250; x_wconf 85' lang='lat' dir='ltr'>sicubi</span> 
     </span>
     <span class='ocr_line' id='line_1_28' title="bbox 347 3276 1501 3350; baseline 0.006 -22"><span class='ocrx_word' id='word_1_244' title='bbox 347 3276 441 3329; x_wconf 89' lang='lat' dir='ltr'>dicitur</span> <span class='ocrx_word' id='word_1_245' title='bbox 458 3276 513 3341; x_wconf 89' lang='lat' dir='ltr'>(nec</span> <span class='ocrx_word' id='word_1_246' title='bbox 530 3280 615 3328; x_wconf 86' lang='lat' dir='ltr'>tamen</span> <span class='ocrx_word' id='word_1_247' title='bbox 632 3291 740 3344; x_wconf 83' lang='lat' dir='ltr'>usquam</span> <span class='ocrx_word' id='word_1_248' title='bbox 757 3276 859 3341; x_wconf 82' lang='lat' dir='ltr'>inveni)</span> <span class='ocrx_word' id='word_1_249' title='bbox 878 3277 927 3329; x_wconf 89' lang='lat' dir='ltr'>erit</span> <span class='ocrx_word' id='word_1_250' title='bbox 944 3279 1050 3347; x_wconf 87' lang='lat' dir='ltr'>agitari,</span> <span class='ocrx_word' id='word_1_251' title='bbox 1068 3280 1118 3332; x_wconf 90' lang='lat' dir='ltr'>huc</span> <span class='ocrx_word' id='word_1_252' title='bbox 1134 3278 1196 3333; x_wconf 91' lang='lat' dir='ltr'>illuc</span> <span class='ocrx_word' id='word_1_253' title='bbox 1213 3281 1255 3348; x_wconf 86' lang='lat' dir='ltr'>agi</span> <span class='ocrx_word' id='word_1_254' title='bbox 1274 3296 1370 3345; x_wconf 87' lang='lat' dir='ltr'>errore,</span> <span class='ocrx_word' id='word_1_255' title='bbox 1390 3298 1458 3350; x_wconf 89' lang='lat' dir='ltr'>quae</span> <span class='ocrx_word' id='word_1_256' title='bbox 1473 3281 1501 3334; x_wconf 92' lang='lat' dir='ltr'>si·</span> 
     </span>
     <span class='ocr_line' id='line_1_29' title="bbox 348 3358 1501 3437; baseline 0.007 -25"><span class='ocrx_word' id='word_1_257' title='bbox 348 3358 479 3428; x_wconf 84' lang='lat' dir='ltr'>gnificatio</span> <span class='ocrx_word' id='word_1_258' title='bbox 497 3359 529 3412; x_wconf 88' lang='lat' dir='ltr'>ab</span> <span class='ocrx_word' id='word_1_259' title='bbox 546 3360 596 3414; x_wconf 89' lang='lat' dir='ltr'>boc</span> <span class='ocrx_word' id='word_1_260' title='bbox 613 3359 670 3413; x_wconf 91' lang='lat' dir='ltr'>loco</span> <span class='ocrx_word' id='word_1_261' title='bbox 682 3360 774 3428; x_wconf 81' lang='lat' dir='ltr'>¹aliena</span> <span class='ocrx_word' id='word_1_262' title='bbox 786 3364 836 3414; x_wconf 90' lang='lat' dir='ltr'>est.</span> <span class='ocrx_word' id='word_1_263' title='bbox 863 3360 903 3414; x_wconf 84' lang='lat' dir='ltr'>(ii.</span> <span class='ocrx_word' id='word_1_264' title='bbox 921 3362 954 3415; x_wconf 90' lang='lat' dir='ltr'>ad</span> <span class='ocrx_word' id='word_1_265' title='bbox 973 3365 1035 3417; x_wconf 85' lang='lat' dir='ltr'>orat</span> <span class='ocrx_word' id='word_1_266' title='bbox 1048 3362 1080 3427; x_wconf 86' lang='grc' dir='ltr'>Π,</span> <span class='ocrx_word' id='word_1_267' title='bbox 1093 3362 1118 3428; x_wconf 83' lang='grc'>3,</span> <span class='ocrx_word' id='word_1_268' title='bbox 1130 3365 1155 3418; x_wconf 80' lang='lat'>7.</span> <span class='ocrx_word' id='word_1_269' title='bbox 1189 3365 1308 3418; x_wconf 84' lang='lat' dir='ltr'>Errorem</span> <span class='ocrx_word' id='word_1_270' title='bbox 1324 3370 1411 3421; x_wconf 89' lang='lat' dir='ltr'>autem</span> <span class='ocrx_word' id='word_1_271' title='bbox 1423 3369 1501 3437; x_wconf 83' lang='lat' dir='ltr'>ipsun</span> 
     </span>
     <span class='ocr_line' id='line_1_30' title="bbox 348 3445 1503 3522; baseline 0.01 -27"><span class='ocrx_word' id='word_1_272' title='bbox 348 3445 412 3497; x_wconf 89' lang='lat' dir='ltr'>dicit</span> <span class='ocrx_word' id='word_1_273' title='bbox 429 3459 495 3508; x_wconf 89' lang='lat' dir='ltr'>enm,</span> <span class='ocrx_word' id='word_1_274' title='bbox 512 3448 541 3497; x_wconf 91' lang='lat' dir='ltr'>ut</span> <span class='ocrx_word' id='word_1_275' title='bbox 557 3447 632 3512; x_wconf 86' lang='lat' dir='ltr'>putet</span> <span class='ocrx_word' id='word_1_276' title='bbox 648 3445 761 3515; x_wconf 84' lang='lat' dir='ltr'>populus</span> <span class='ocrx_word' id='word_1_277' title='bbox 777 3447 910 3502; x_wconf 78' lang='lat' dir='ltr'>Romania</span> <span class='ocrx_word' id='word_1_278' title='bbox 927 3449 985 3518; x_wconf 85' lang='lat' dir='ltr'>lege</span> <span class='ocrx_word' id='word_1_279' title='bbox 1001 3448 1111 3503; x_wconf 81' lang='lat' dir='ltr'>Servilia</span> <span class='ocrx_word' id='word_1_280' title='bbox 1128 3451 1178 3505; x_wconf 88' lang='lat' dir='ltr'>sibi</span> <span class='ocrx_word' id='word_1_281' title='bbox 1196 3451 1290 3521; x_wconf 90' lang='lat' dir='ltr'>aliquid</span> <span class='ocrx_word' id='word_1_282' title='bbox 1308 3455 1407 3522; x_wconf 86' lang='lat' dir='ltr'>quaeri,</span> <span class='ocrx_word' id='word_1_283' title='bbox 1426 3470 1459 3508; x_wconf 85' lang='lat' dir='ltr'>ex</span> <span class='ocrx_word' id='word_1_284' title='bbox 1474 3469 1503 3507; x_wconf 88' lang='lat' dir='ltr'>ea</span> 
     </span>
     <span class='ocr_line' id='line_1_31' title="bbox 348 3532 1503 3606; baseline 0.007 -22"><span class='ocrx_word' id='word_1_285' title='bbox 348 3547 375 3584; x_wconf 90' lang='lat' dir='ltr'>se</span> <span class='ocrx_word' id='word_1_286' title='bbox 401 3546 477 3600; x_wconf 86' lang='lat' dir='ltr'>agros</span> <span class='ocrx_word' id='word_1_287' title='bbox 504 3532 586 3584; x_wconf 87' lang='lat' dir='ltr'>aliave</span> <span class='ocrx_word' id='word_1_288' title='bbox 617 3533 750 3586; x_wconf 89' lang='lat' dir='ltr'>commoda</span> <span class='ocrx_word' id='word_1_289' title='bbox 778 3549 835 3587; x_wconf 88' lang='lat' dir='ltr'>esse</span> <span class='ocrx_word' id='word_1_290' title='bbox 858 3539 1032 3605; x_wconf 85' lang='lat' dir='ltr'>accepturum.</span> <span class='ocrx_word' id='word_1_291' title='bbox 1058 3565 1092 3574; x_wconf 91' lang='lat'><em>—</em></span> <span class='ocrx_word' id='word_1_292' title='bbox 1115 3537 1152 3590; x_wconf 85' lang='lat' dir='ltr'>od</span> <span class='ocrx_word' id='word_1_293' title='bbox 1174 3537 1226 3589; x_wconf 84' lang='lat' dir='ltr'>cim</span> <span class='ocrx_word' id='word_1_294' title='bbox 1243 3553 1296 3606; x_wconf 90' lang='lat' dir='ltr'>seq.</span> <span class='ocrx_word' id='word_1_295' title='bbox 1331 3537 1371 3592; x_wconf 83' lang='lat' dir='ltr'>Oi.</span> <span class='ocrx_word' id='word_1_296' title='bbox 1390 3543 1458 3594; x_wconf 87' lang='lat' dir='ltr'>orat.</span> <span class='ocrx_word' id='word_1_297' title='bbox 1473 3539 1503 3603; x_wconf 84' lang='grc' dir='ltr'>Π,</span> 
     </span>
     <span class='ocr_line' id='line_1_32' title="bbox 348 3615 1502 3688; baseline 0.009 -20"><span class='ocrx_word' id='word_1_298' title='bbox 348 3615 389 3679; x_wconf 79' lang='lat'>28,</span> <span class='ocrx_word' id='word_1_299' title='bbox 407 3616 449 3670; x_wconf 84' lang='grc'>77.</span> <span class='ocrx_word' id='word_1_300' title='bbox 485 3617 640 3686; x_wconf 73' lang='lat' dir='ltr'>scripsimus</span> <span class='ocrx_word' id='word_1_301' title='bbox 659 3622 745 3672; x_wconf 83' lang='lat' dir='ltr'>antem</span> <span class='ocrx_word' id='word_1_302' title='bbox 759 3621 840 3688; x_wconf 82' lang='lat' dir='ltr'>atqui,</span> <span class='ocrx_word' id='word_1_303' title='bbox 858 3622 909 3674; x_wconf 88' lang='lat' dir='ltr'>etsi</span> <span class='ocrx_word' id='word_1_304' title='bbox 925 3620 952 3673; x_wconf 89' lang='lat' dir='ltr'>id</span> <span class='ocrx_word' id='word_1_305' title='bbox 969 3621 1067 3674; x_wconf 90' lang='lat' dir='ltr'>minore</span> <span class='ocrx_word' id='word_1_306' title='bbox 1079 3620 1196 3675; x_wconf 82' lang='lat' dir='ltr'>codicum</span> <span class='ocrx_word' id='word_1_307' title='bbox 1215 3622 1367 3677; x_wconf 84' lang='lat' dir='ltr'>auctoritate</span> <span class='ocrx_word' id='word_1_308' title='bbox 1379 3639 1502 3678; x_wconf 87' lang='lat' dir='ltr'>commen·</span> 
     </span>
     <span class='ocr_line' id='line_1_33' title="bbox 348 3694 1502 3775; baseline 0.008 -22"><span class='ocrx_word' id='word_1_309' title='bbox 348 3700 431 3764; x_wconf 84' lang='lat' dir='ltr'>datar,</span> <span class='ocrx_word' id='word_1_310' title='bbox 449 3701 509 3770; x_wconf 86' lang='lat' dir='ltr'>quia</span> <span class='ocrx_word' id='word_1_311' title='bbox 527 3700 716 3756; x_wconf 82' lang='lat' dir='ltr'>adversativam</span> <span class='ocrx_word' id='word_1_312' title='bbox 739 3704 850 3774; x_wconf 85' lang='lat' dir='ltr'>aliquam</span> <span class='ocrx_word' id='word_1_313' title='bbox 867 3704 919 3759; x_wconf 84' lang='lat' dir='ltr'>rim</span> <span class='ocrx_word' id='word_1_314' title='bbox 938 3706 1023 3760; x_wconf 87' lang='lat' dir='ltr'>inesse</span> <span class='ocrx_word' id='word_1_315' title='bbox 1039 3710 1147 3775; x_wconf 90' lang='lat' dir='ltr'>oportet.</span> <span class='ocrx_word' id='word_1_316' title='bbox 1182 3706 1235 3760; x_wconf 85' lang='lat' dir='ltr'>Sed</span> <span class='ocrx_word' id='word_1_317' title='bbox 1258 3707 1404 3761; x_wconf 73' lang='lat' dir='ltr'>secabitur</span> <span class='ocrx_word' id='word_1_318' title='bbox 1422 3712 1462 3762; x_wconf 87' lang='lat' dir='ltr'>cet</span> <span class='ocrx_word' id='word_1_319' title='bbox 1477 3694 1502 3764; x_wconf 88' lang='lat' dir='ltr'>in</span> 
     </span>
     <span class='ocr_line' id='line_1_34' title="bbox 348 3785 1503 3860; baseline 0.01 -23"><span class='ocrx_word' id='word_1_320' title='bbox 348 3785 446 3853; x_wconf 89' lang='lat' dir='ltr'>optimo</span> <span class='ocrx_word' id='word_1_321' title='bbox 465 3785 565 3850; x_wconf 86' lang='lat' dir='ltr'>codiee,</span> <span class='ocrx_word' id='word_1_322' title='bbox 587 3802 633 3839; x_wconf 91' lang='lat' dir='ltr'>nec</span> <span class='ocrx_word' id='word_1_323' title='bbox 651 3792 788 3856; x_wconf 87' lang='lat' dir='ltr'>propterea</span> <span class='ocrx_word' id='word_1_324' title='bbox 810 3791 909 3858; x_wconf 87' lang='lat' dir='ltr'>reliqua</span> <span class='ocrx_word' id='word_1_325' title='bbox 933 3795 1050 3860; x_wconf 87' lang='lat' dir='ltr'>tempora</span> <span class='ocrx_word' id='word_1_326' title='bbox 1072 3793 1134 3845; x_wconf 85' lang='lat' dir='ltr'>item</span> <span class='ocrx_word' id='word_1_327' title='bbox 1156 3791 1243 3845; x_wconf 84' lang='lat' dir='ltr'>futura</span> <span class='ocrx_word' id='word_1_328' title='bbox 1260 3806 1317 3846; x_wconf 87' lang='lat' dir='ltr'>esse</span> <span class='ocrx_word' id='word_1_329' title='bbox 1334 3809 1441 3848; x_wconf 88' lang='lat' dir='ltr'>necesse</span> <span class='ocrx_word' id='word_1_330' title='bbox 1457 3796 1503 3848; x_wconf 86' lang='lat' dir='ltr'>est.</span> 
     </span>
     <span class='ocr_line' id='line_1_35' title="bbox 348 3871 1506 3946; baseline 0.008 -22"><span class='ocrx_word' id='word_1_331' title='bbox 348 3871 414 3924; x_wconf 88' lang='lat' dir='ltr'>Nam</span> <span class='ocrx_word' id='word_1_332' title='bbox 433 3871 525 3925; x_wconf 87' lang='lat' dir='ltr'>deduci</span> <span class='ocrx_word' id='word_1_333' title='bbox 542 3873 626 3926; x_wconf 94' lang='lat' dir='ltr'>coloni</span> <span class='ocrx_word' id='word_1_334' title='bbox 645 3873 758 3942; x_wconf 86' lang='lat' dir='ltr'>Capuam</span> <span class='ocrx_word' id='word_1_335' title='bbox 776 3876 826 3929; x_wconf 93' lang='lat' dir='ltr'>nisi</span> <span class='ocrx_word' id='word_1_336' title='bbox 844 3876 900 3946; x_wconf 90' lang='lat' dir='ltr'>lege</span> <span class='ocrx_word' id='word_1_337' title='bbox 918 3877 1019 3946; x_wconf 85' lang='lat' dir='ltr'>perlata</span> <span class='ocrx_word' id='word_1_338' title='bbox 1036 3893 1089 3932; x_wconf 91' lang='lat' dir='ltr'>non</span> <span class='ocrx_word' id='word_1_339' title='bbox 1102 3880 1219 3946; x_wconf 87' lang='lat' dir='ltr'>possunt,</span> <span class='ocrx_word' id='word_1_340' title='bbox 1238 3878 1283 3932; x_wconf 89' lang='lat' dir='ltr'>sed</span> <span class='ocrx_word' id='word_1_341' title='bbox 1300 3879 1429 3933; x_wconf 81' lang='lat' dir='ltr'>exercitus</span> <span class='ocrx_word' id='word_1_342' title='bbox 1447 3894 1506 3933; x_wconf 91' lang='lat' dir='ltr'>con·</span> 
     </span>
     <span class='ocr_line' id='line_1_36' title="bbox 348 3956 1504 4035; baseline 0.009 -24"><span class='ocrx_word' id='word_1_343' title='bbox 348 3956 503 4011; x_wconf 83' lang='lat' dir='ltr'>stituebatur</span> <span class='ocrx_word' id='word_1_344' title='bbox 520 3960 547 4009; x_wconf 87' lang='lat' dir='ltr'>et</span> <span class='ocrx_word' id='word_1_345' title='bbox 563 3956 660 4026; x_wconf 78' lang='lat' dir='ltr'>Capua,</span> <span class='ocrx_word' id='word_1_346' title='bbox 678 3958 840 4013; x_wconf 88' lang='lat' dir='ltr'>audacissimi</span> <span class='ocrx_word' id='word_1_347' title='bbox 857 3962 987 4028; x_wconf 88' lang='lat' dir='ltr'>homines,</span> <span class='ocrx_word' id='word_1_348' title='bbox 1010 3965 1097 4018; x_wconf 88' lang='lat' dir='ltr'>decem</span> <span class='ocrx_word' id='word_1_349' title='bbox 1115 3964 1191 4018; x_wconf 88' lang='lat' dir='ltr'>duces</span> <span class='ocrx_word' id='word_1_350' title='bbox 1213 3963 1430 4035; x_wconf 73' lang='lat' dir='ltr'>comparabantur</span> <span class='ocrx_word' id='word_1_351' title='bbox 1446 3967 1504 4031; x_wconf 88' lang='lat' dir='ltr'>iarn,</span> 
     </span>
     <span class='ocr_line' id='line_1_37' title="bbox 348 4041 1505 4120; baseline 0.01 -25"><span class='ocrx_word' id='word_1_352' title='bbox 348 4058 405 4096; x_wconf 86' lang='lat' dir='ltr'>cum</span> <span class='ocrx_word' id='word_1_353' title='bbox 424 4041 529 4111; x_wconf 84' lang='lat' dir='ltr'>delego</span> <span class='ocrx_word' id='word_1_354' title='bbox 547 4044 678 4111; x_wconf 85' lang='lat' dir='ltr'>agebatur.</span> <span class='ocrx_word' id='word_1_355' title='bbox 696 4072 729 4082; x_wconf 90' lang='lat'>—</span> <span class='ocrx_word' id='word_1_356' title='bbox 747 4057 958 4102; x_wconf 79' lang='lat' dir='ltr'>convocaverant.</span> <span class='ocrx_word' id='word_1_357' title='bbox 994 4049 1130 4105; x_wconf 88' lang='lat' dir='ltr'>Insolitum</span> <span class='ocrx_word' id='word_1_358' title='bbox 1146 4067 1251 4120; x_wconf 89' lang='lat' dir='ltr'>prorsus</span> <span class='ocrx_word' id='word_1_359' title='bbox 1269 4053 1405 4107; x_wconf 88' lang='lat' dir='ltr'>estunam</span> <span class='ocrx_word' id='word_1_360' title='bbox 1425 4052 1505 4107; x_wconf 93' lang='lat' dir='ltr'>homi·</span> 
     </span>
     <span class='ocr_line' id='line_1_38' title="bbox 347 4127 1506 4206; baseline 0.009 -24"><span class='ocrx_word' id='word_1_361' title='bbox 347 4145 405 4182; x_wconf 87' lang='lat' dir='ltr'>nem</span> <span class='ocrx_word' id='word_1_362' title='bbox 423 4127 559 4198; x_wconf 82' lang='lat' dir='ltr'>convocari</span> <span class='ocrx_word' id='word_1_363' title='bbox 576 4142 622 4180; x_wconf 87' lang='lat' dir='ltr'>nec</span> <span class='ocrx_word' id='word_1_364' title='bbox 636 4129 720 4184; x_wconf 88' lang='lat' dir='ltr'>simile</span> <span class='ocrx_word' id='word_1_365' title='bbox 737 4133 882 4201; x_wconf 86' lang='lat' dir='ltr'>exemplum</span> <span class='ocrx_word' id='word_1_366' title='bbox 899 4136 972 4200; x_wconf 78' lang='lat' dir='ltr'>novi3</span> <span class='ocrx_word' id='word_1_367' title='bbox 990 4153 1068 4206; x_wconf 87' lang='lat' dir='ltr'>quare</span> <span class='ocrx_word' id='word_1_368' title='bbox 1086 4138 1144 4192; x_wconf 90' lang='lat' dir='ltr'>aliis</span> <span class='ocrx_word' id='word_1_369' title='bbox 1161 4145 1326 4202; x_wconf 79' lang='lat' dir='ltr'>vocaveram,</span> <span class='ocrx_word' id='word_1_370' title='bbox 1345 4138 1401 4193; x_wconf 87' lang='lat' dir='ltr'>aliis</span> <span class='ocrx_word' id='word_1_371' title='bbox 1416 4156 1506 4194; x_wconf 77' lang='lat' dir='ltr'>evoca</span> 
     </span>
     <span class='ocr_line' id='line_1_39' title="bbox 347 4213 1506 4290; baseline 0.009 -22"><span class='ocrx_word' id='word_1_372' title='bbox 347 4221 441 4268; x_wconf 80' lang='lat' dir='ltr'>aeram</span> <span class='ocrx_word' id='word_1_373' title='bbox 456 4214 560 4282; x_wconf 81' lang='lat' dir='ltr'>placuit.</span> <span class='ocrx_word' id='word_1_374' title='bbox 597 4213 730 4269; x_wconf 81' lang='lat' dir='ltr'>Ernestius</span> <span class='ocrx_word' id='word_1_375' title='bbox 748 4219 850 4286; x_wconf 87' lang='lat' dir='ltr'>quidem</span> <span class='ocrx_word' id='word_1_376' title='bbox 868 4220 937 4288; x_wconf 90' lang='lat' dir='ltr'>quod</span> <span class='ocrx_word' id='word_1_377' title='bbox 955 4221 1069 4275; x_wconf 83' lang='lat' dir='ltr'>defendit</span> <span class='ocrx_word' id='word_1_378' title='bbox 1091 4222 1206 4277; x_wconf 85' lang='lat' dir='ltr'>codicum</span> <span class='ocrx_word' id='word_1_379' title='bbox 1223 4225 1368 4290; x_wconf 87' lang='lat' dir='ltr'>lectionem,</span> <span class='ocrx_word' id='word_1_380' title='bbox 1394 4226 1506 4279; x_wconf 82' lang='lat' dir='ltr'>referen-</span> 
     </span>
     <span class='ocr_line' id='line_1_40' title="bbox 348 4298 1504 4370; baseline 0.01 -19"><span class='ocrx_word' id='word_1_381' title='bbox 348 4299 407 4351; x_wconf 91' lang='lat' dir='ltr'>dam</span> <span class='ocrx_word' id='word_1_382' title='bbox 425 4314 483 4353; x_wconf 87' lang='lat' dir='ltr'>esse</span> <span class='ocrx_word' id='word_1_383' title='bbox 502 4298 534 4350; x_wconf 87' lang='lat' dir='ltr'>ad</span> <span class='ocrx_word' id='word_1_384' title='bbox 552 4312 605 4362; x_wconf 85' lang='lat' dir='ltr'>eos,</span> <span class='ocrx_word' id='word_1_385' title='bbox 624 4301 668 4367; x_wconf 90' lang='lat' dir='ltr'>qui</span> <span class='ocrx_word' id='word_1_386' title='bbox 686 4299 832 4357; x_wconf 84' lang='lat' dir='ltr'>Ciceronem</span> <span class='ocrx_word' id='word_1_387' title='bbox 847 4302 982 4370; x_wconf 68' lang='lat' dir='ltr'>&#39;vocarant</span> <span class='ocrx_word' id='word_1_388' title='bbox 1000 4320 1088 4359; x_wconf 86' lang='lat' dir='ltr'>omnes</span> <span class='ocrx_word' id='word_1_389' title='bbox 1104 4306 1216 4368; x_wconf 76' lang='lat' dir='ltr'>voluisse</span> <span class='ocrx_word' id='word_1_390' title='bbox 1233 4323 1292 4360; x_wconf 92' lang='lat' dir='ltr'>eum</span> <span class='ocrx_word' id='word_1_391' title='bbox 1314 4309 1341 4360; x_wconf 90' lang='lat' dir='ltr'>in</span> <span class='ocrx_word' id='word_1_392' title='bbox 1359 4311 1504 4363; x_wconf 87' lang='lat' dir='ltr'>contionem</span> 
     </span>
     <span class='ocr_line' id='line_1_41' title="bbox 283 4385 1505 4459; baseline 0.011 -24"><span class='ocrx_word' id='word_1_393' title='bbox 283 4442 285 4447; x_wconf 50' lang='grc'>,</span> <span class='ocrx_word' id='word_1_394' title='bbox 346 4386 446 4450; x_wconf 82' lang='lat' dir='ltr'>venire,</span> <span class='ocrx_word' id='word_1_395' title='bbox 463 4385 548 4437; x_wconf 89' lang='lat' dir='ltr'>minus</span> <span class='ocrx_word' id='word_1_396' title='bbox 565 4385 647 4453; x_wconf 89' lang='lat' dir='ltr'>probo</span> <span class='ocrx_word' id='word_1_397' title='bbox 666 4403 711 4440; x_wconf 90' lang='lat' dir='ltr'>nec</span> <span class='ocrx_word' id='word_1_398' title='bbox 728 4391 751 4442; x_wconf 89' lang='lat' dir='ltr'>si</span> <span class='ocrx_word' id='word_1_399' title='bbox 767 4391 855 4459; x_wconf 91' lang='lat' dir='ltr'>plures</span> <span class='ocrx_word' id='word_1_400' title='bbox 874 4395 976 4456; x_wconf 85' lang='lat' dir='ltr'>vocent,</span> <span class='ocrx_word' id='word_1_401' title='bbox 994 4408 1071 4445; x_wconf 91' lang='lat' dir='ltr'>unum</span> <span class='ocrx_word' id='word_1_402' title='bbox 1090 4395 1225 4448; x_wconf 83' lang='lat' dir='ltr'>convocari</span> <span class='ocrx_word' id='word_1_403' title='bbox 1243 4395 1371 4448; x_wconf 86' lang='lat' dir='ltr'>existimo.</span> <span class='ocrx_word' id='word_1_404' title='bbox 1406 4395 1505 4449; x_wconf 85' lang='lat' dir='ltr'>Tamen</span> 
     </span>
     <span class='ocr_line' id='line_1_42' title="bbox 346 4468 1505 4550; baseline 0.013 -31"><span class='ocrx_word' id='word_1_405' title='bbox 346 4469 371 4522; x_wconf 86' lang='lat' dir='ltr'>h.</span> <span class='ocrx_word' id='word_1_406' title='bbox 390 4468 407 4522; x_wconf 94' lang='lat' dir='ltr'>l.</span> <span class='ocrx_word' id='word_1_407' title='bbox 424 4470 595 4524; x_wconf 87' lang='lat' dir='ltr'>necessarium</span> <span class='ocrx_word' id='word_1_408' title='bbox 613 4488 669 4528; x_wconf 91' lang='lat' dir='ltr'>esse</span> <span class='ocrx_word' id='word_1_409' title='bbox 690 4475 774 4529; x_wconf 91' lang='lat' dir='ltr'>iudico</span> <span class='ocrx_word' id='word_1_410' title='bbox 797 4484 1009 4532; x_wconf 80' lang='lat' dir='ltr'>convocaverunt.</span> <span class='ocrx_word' id='word_1_411' title='bbox 1046 4477 1113 4543; x_wconf 83' lang='lat' dir='ltr'>Quid</span> <span class='ocrx_word' id='word_1_412' title='bbox 1136 4481 1204 4534; x_wconf 90' lang='lat' dir='ltr'>enim</span> <span class='ocrx_word' id='word_1_413' title='bbox 1221 4479 1352 4550; x_wconf 85' lang='lat' dir='ltr'>flagitarat</span> <span class='ocrx_word' id='word_1_414' title='bbox 1372 4481 1505 4549; x_wconf 76' lang='lat' dir='ltr'>populus?</span> 
     </span>
     <span class='ocr_line' id='line_1_43' title="bbox 347 4553 1505 4635; baseline 0.014 -29"><span class='ocrx_word' id='word_1_415' title='bbox 347 4553 414 4607; x_wconf 85' lang='lat' dir='ltr'>Num</span> <span class='ocrx_word' id='word_1_416' title='bbox 432 4554 489 4619; x_wconf 87' lang='lat' dir='ltr'>hoc,</span> <span class='ocrx_word' id='word_1_417' title='bbox 505 4555 630 4615; x_wconf 84' lang='lat' dir='ltr'>utGicere</span> <span class='ocrx_word' id='word_1_418' title='bbox 647 4561 674 4613; x_wconf 92' lang='lat' dir='ltr'>in</span> <span class='ocrx_word' id='word_1_419' title='bbox 691 4562 836 4615; x_wconf 89' lang='lat' dir='ltr'>contionem</span> <span class='ocrx_word' id='word_1_420' title='bbox 848 4564 963 4617; x_wconf 70' lang='lat' dir='ltr'>renuet?</span> <span class='ocrx_word' id='word_1_421' title='bbox 991 4564 1057 4619; x_wconf 84' lang='lat' dir='ltr'>&#39;lum</span> <span class='ocrx_word' id='word_1_422' title='bbox 1073 4566 1160 4635; x_wconf 87' lang='lat' dir='ltr'>inepte</span> <span class='ocrx_word' id='word_1_423' title='bbox 1177 4566 1221 4620; x_wconf 90' lang='lat' dir='ltr'>ille</span> <span class='ocrx_word' id='word_1_424' title='bbox 1238 4568 1276 4621; x_wconf 88' lang='lat' dir='ltr'>sic</span> <span class='ocrx_word' id='word_1_425' title='bbox 1293 4568 1505 4622; x_wconf 86' lang='lat' dir='ltr'>ratiocinaretur:</span> 
     </span>
     <span class='ocr_line' id='line_1_44' title="bbox 347 4638 1506 4724; baseline 0.016 -32"><span class='ocrx_word' id='word_1_426' title='bbox 347 4638 488 4706; x_wconf 83' lang='lat' dir='ltr'>disserant,</span> <span class='ocrx_word' id='word_1_427' title='bbox 510 4643 605 4698; x_wconf 85' lang='lat' dir='ltr'>etenim</span> <span class='ocrx_word' id='word_1_428' title='bbox 627 4660 668 4698; x_wconf 86' lang='lat' dir='ltr'>me</span> <span class='ocrx_word' id='word_1_429' title='bbox 690 4652 856 4704; x_wconf 79' lang='lat' dir='ltr'>rocaverunt.</span> <span class='ocrx_word' id='word_1_430' title='bbox 895 4648 961 4704; x_wconf 87' lang='lat' dir='ltr'>Nam</span> <span class='ocrx_word' id='word_1_431' title='bbox 985 4666 1043 4706; x_wconf 88' lang='lat' dir='ltr'>curn</span> <span class='ocrx_word' id='word_1_432' title='bbox 1059 4656 1166 4709; x_wconf 74' lang='lat' dir='ltr'>uocatus</span> <span class='ocrx_word' id='word_1_433' title='bbox 1187 4657 1265 4721; x_wconf 87' lang='lat' dir='ltr'>esset,</span> <span class='ocrx_word' id='word_1_434' title='bbox 1285 4655 1424 4724; x_wconf 84' lang='lat' dir='ltr'>oportebat</span> <span class='ocrx_word' id='word_1_435' title='bbox 1446 4670 1506 4710; x_wconf 87' lang='lat' dir='ltr'>eam</span> 
     </span>
    </p>
   </div>
   <div class='ocr_carea' id='block_1_6' title="bbox 0 0 1781 5492">
    <p class='ocr_par' dir='ltr' id='par_1_7' title="bbox 0 0 1781 5492">
     <span class='ocr_line' id='line_1_45' title="bbox 0 0 1781 5492; baseline 0 0"><span class='ocrx_word' id='word_1_436' title='bbox 0 0 1781 5492; x_wconf 95' lang='lat' dir='ltr'> </span> 
     </span>
    </p>
   </div>
  </div>
 </body>
</html>
