3550 5492
232 1546 360 1671 Quam
389 1615 538 1691 operam
567 1612 687 1688 nuper
713 1586 751 1661 in
781 1587 827 1661 M.
856 1585 971 1660 Tullii
999 1582 1191 1660 Ciceronis
1223 1577 1391 1659 oratione

231 1742 300 1814 pro
334 1719 492 1793 Murena
524 1716 752 1791 recensenda
790 1727 903 1814 atque
936 1713 1159 1814 explicanda
1193 1713 1420 1788 collocavi·-

234 1871 336 1938 mus,
364 1848 524 1938 ,eandem
564 1871 667 1920 nunc
699 1846 737 1919 in
772 1844 1006 1920 orationibus
1040 1844 1086 1917 de
1123 1844 1208 1944 lege
1246 1843 1394 1944 agraria

231 1975 443 2073 posuimus:
483 1975 581 2048 idem
620 1973 694 2048 fuit
733 1973 932 2072 utriusque
969 1972 1145 2048 editionis
1180 1972 1392 2064 consilium,

231 2101 370 2177 similia
400 2131 517 2205 prope
538 2104 765 2178 adiumenta.
806 2103 940 2201 Itaque
959 2102 1119 2202 speciem
1140 2128 1184 2178 ac
1211 2103 1393 2176 rationem

232 2230 349 2306 habet
380 2233 472 2307 haec
504 2232 618 2307 editio
652 2207 808 2306 eandem
847 2242 960 2329 atque
994 2229 1069 2306 illa.
1134 2230 1395 2306 Praemittitur

232 2361 333 2436 enim
363 2362 485 2438 brevis
513 2363 559 2437 de
586 2362 669 2460 lege
686 2360 845 2436 Servilia
877 2360 1024 2459 agraria
1052 2371 1090 2434 et
1122 2361 1167 2434 de
1199 2358 1395 2460 praesidiis

234 2489 369 2563 edendi
399 2490 624 2592 disputatio,
658 2516 733 2588 qua
764 2499 1036 2590 praeparentur
1069 2490 1177 2588 quasi
1211 2489 1325 2563 animi
1359 2499 1397 2562 et

234 2619 280 2692 ad
303 2617 522 2694 Ciceronem
550 2618 837 2719 intelligendum
865 2629 904 2693 et
930 2620 976 2692 ad
1005 2630 1186 2710 nostram,
1214 2644 1327 2718 quam
1354 2620 1393 2690 in

234 2773 279 2820 eo
319 2746 543 2822 illustrando
580 2749 900 2848 consumpsimus,
940 2776 1067 2825 curam
1113 2748 1394 2822 aestimandam.

233 2875 448 2972 Angustior
474 2887 532 2950 est
557 2876 622 2950 illa
647 2886 759 2975 pars,
773 2902 849 2975 qua
866 2903 962 2975 quae
990 2903 1039 2953 ex
1061 2875 1240 2951 historiae
1257 2875 1394 2950 Roma-

234 3029 306 3077 nae
338 3004 556 3078 auctoribus
597 3005 774 3103 cognosci
808 3031 883 3079 non
918 3017 1090 3105 possent,
1125 3004 1394 3105 supplevimus,

234 3131 422 3231 copiosior
447 3133 551 3226 haec,
580 3134 669 3232 quia
696 3161 771 3208 non
794 3136 905 3209 modo
922 3135 1106 3236 singulari
1129 3160 1218 3211 casu
1247 3133 1395 3226 accidit,

236 3272 280 3334 ut
305 3260 439 3335 harum
466 3262 680 3337 orationum
707 3263 860 3363 fortunp
885 3290 953 3365 per
984 3264 1103 3366 ipsam
1132 3262 1396 3363 antiquitatem

234 3388 389 3463 uberius
428 3416 540 3488 quam
573 3391 688 3465 ullius
719 3380 806 3466 libii
837 3370 1001 3467 Tulliani
1047 3393 1228 3494 explicari
1264 3392 1395 3493 possit,

238 3519 505 3612 verumetiam
533 3519 704 3596 codicum
724 3547 792 3595 ms.
820 3547 1027 3598 consensus
1051 3547 1095 3598 ac
1122 3522 1314 3597 dissensus
1342 3520 1397 3593 di-

234 3646 470 3746 ligentiorem
489 3649 764 3750 expositionem
784 3652 1011 3750 postulabat.
1047 3653 1267 3749 Sequuntur
1283 3649 1398 3724 verba

236 3776 440 3870 Ciceronis,
469 3778 607 3877 quibus
625 3780 799 3879 proxime
818 3759 1018 3857 subiicitur
1046 3779 1242 3854 diversitas
1266 3778 1397 3854 editio·

236 3906 308 3999 nis,
336 3933 449 4005 quam
468 3907 522 3982 Io.
543 3906 679 4006 Georg.
701 3909 873 3984 Baiteru's
892 3909 929 3984 in
953 3908 1213 3983 Tullianorum
1242 3933 1396 4009 operum

236 4035 401 4110 editione
429 4033 618 4110 Orelliana
651 4038 768 4112 altera
802 4039 966 4130 curavit,
1001 4064 1113 4137 quam
1141 4038 1396 4113 diversitatem

237 4190 312 4239 non
341 4164 528 4263 gloriandi
555 4190 668 4242 causa
702 4168 803 4265 quod
830 4192 969 4267 magna
995 4178 1054 4242 est
1080 4166 1304 4259 addidimus,
1332 4165 1397 4241 sed

237 4304 281 4367 ut
306 4294 503 4369 commodo
530 4319 670 4385 eorum,
700 4295 766 4393 qui
792 4306 922 4370 nostra
949 4321 1177 4397 cognoscere
1205 4309 1396 4397 cuperent,

237 4422 533 4515 consuleremus,
562 4423 700 4521 quibus
728 4425 944 4500 conferendi
973 4451 1017 4502 aa
1046 4426 1293 4525 conquirendi
1320 4453 1398 4500 mo-

234 4551 383 4627 lestiam
402 4553 545 4655 imponi
564 4553 796 4631 nolebamus.
839 4556 935 4629 Tum
964 4558 1094 4630 subest
1121 4555 1315 4631 annotatio
1334 4580 1399 4630 ne·
