3550 5492
708 593 942 662 ..109-

242 753 422 840 reperiant?
433 755 559 839 perdere
571 754 634 818 iam
645 754 778 840 denique
789 757 857 823 illos
869 780 956 842 agros
968 761 1085 824 ratione
1098 761 1325 849 aliquavelint?
1342 765 1402 841 Qui

222 857 337 947 *paulo
355 857 520 922 antediem
532 863 712 942 noctemque
728 861 930 926 tribunicium
948 882 1061 928 nomen
1076 864 1249 948 horrebant,
1267 873 1401 931 vestram
1433 926 1436 931 .

241 961 310 1025 vim
333 959 521 1040 metuebant,
544 961 732 1024 mentionem
746 962 824 1044 legis
841 965 979 1047 agrariae
994 967 1262 1052 pertimescebant,
1281 971 1304 1033 ii
1319 991 1402 1035 nunc

241 1063 339 1126 etiam
354 1061 436 1126 ultro
450 1062 640 1144 rogabuntur
651 1068 743 1145 atque
758 1065 937 1149 orabuntur,
959 1074 995 1133 ut
1017 1090 1104 1152 agros
1118 1072 1232 1155 partim
1254 1073 1401 1157 publicos,

240 1166 359 1252 partim
370 1164 475 1250 plenos
491 1165 637 1246 invidiae,
650 1165 756 1250 plenos
770 1167 897 1250 periculi
913 1170 1022 1252 quanti
1037 1171 1097 1255 ipsi
1111 1171 1210 1236 velint
1223 1173 1328 1238 Xuiris
1338 1181 1402 1238 tra·

243 1269 331 1332 dent.
369 1267 472 1355 Atque
494 1265 551 1330 hoc
575 1285 699 1330 carmen
721 1266 772 1330 hic
794 1268 938 1336 tribunus
961 1272 1061 1357 plebis
1073 1294 1135 1338 non
1158 1275 1254 1357 vobis,
1276 1277 1329 1341 sed
1342 1268 1430 1342 sibi'

240 1372 330 1435 intus
352 1369 450 1434 canit:
474 1368 567 1433 habet
589 1391 738 1452 socerum,
760 1370 864 1435 virum
879 1374 1040 1457 optimum,
1063 1376 1116 1459 qui
1139 1382 1262 1441 tantum
1282 1378 1348 1461 agri
1369 1379 1445 1442 1669

241 1473 308 1538 illis
330 1473 516 1558 reipublicae
545 1475 680 1538 tenebris
708 1475 883 1559 occupavit,
912 1482 1065 1560 quantum
1090 1479 1274 1563 concupivit.
1323 1481 1404 1545 Huic

241 1576 409 1642 subvenire
430 1576 501 1640 vult
527 1577 739 1653 sumcumbeuti
768 1578 832 1641 iam
860 1582 891 1640 61
919 1598 1071 1662 oppresse,
1095 1578 1232 1643 Sullanis
1261 1582 1403 1646 oneribus

243 1680 342 1765 graui,
365 1701 422 1744 sua
445 1679 511 1763 lege
534 1685 570 1744 61
591 1680 682 1744 116661
703 1680 750 1743 1111
773 1680 926 1745 invidiam
953 1680 1117 1766 deponere,
1145 1684 1310 1766 pecuniam
1332 1705 1403 1754 con-

331 1880 353 1917 ei
365 1888 426 1918 uuae.
440 1897 465 1910 -
480 1875 570 1918 691661
585 1881 692 1926 cupresso
704 1877 801 1918 Sullanis
814 1879 913 1918 oneribus
927 1880 1053 1928 erou'asimu
1067 1882 1119 1929 lece.

242 2059 318 2111 ianae
336 2060 406 2126 leges
428 2058 520 2111 collabi
538 2028 694 2126 inciperent,
719 2060 762 2112 vix
778 2061 827 2112 hoc
845 2060 961 2113 obtinere
979 2064 1111 2128 poterant,
1130 2065 1158 2113 ut
1180 2076 1230 2113 uon
1253 2062 1347 2117 iniuste
1364 2068 1403 2118 tot

243 2145 361 2200 homiues
379 2145 486 2198 miseros
504 2145 637 2213 suisagris
656 2146 762 2198 eiecisse
780 2162 875 2215 eosque
894 2147 1024 2199 ueteribus
1042 2147 1152 2199 dominis
1164 2149 1299 2201 restituere
1311 2150 1403 2203 debere

244 2231 399 2285 viderentur.
438 2228 491 2302 Qui
509 2232 532 2283 si
549 2247 596 2298 pro
615 2232 684 2299 agris
702 2233 837 2298 pecuniam
856 2233 999 2300 accipiunt,
1020 2232 1117 2285 invidia
1134 2231 1284 2288 liberantur.
1320 2236 1404 2303 Signi·

242 2317 406 2370 testantem
430 2332 488 2369 cum
511 2317 587 2380 alies,
610 2322 680 2381 tum,
702 2320 731 2368 ut
749 2319 871 2382 coniicio,
888 2319 922 2372 11.
942 2317 1070 2383 Crassum,
1089 2335 1163 2387 quiem
1187 2321 1238 2372 iam
1261 2325 1320 2374 ante
1337 2323 1351 2386 ξ
1369 2322 1402 2374 65

243 2407 311 2456 16616
328 2403 526 2471 perstrinxerat,
548 2404 592 2471 qui
609 2402 722 2455 Sullanis
745 2405 907 2458 auctionibus
925 2405 957 2457 ad
981 2406 1161 2473 possessiones
1186 2422 1246 2459 suas
1272 2407 1403 2475 augendas

243 2491 348 2557 praeter
365 2493 462 2542 eeteros
483 2505 545 2541 usus
568 2493 631 2547 erat,
658 2518 691 2526 —
718 2491 786 2542 diere
803 2498 958 2558 noctemque.
994 2491 1057 2559 Lag.
1076 2491 1091 2544 9
1109 2492 1188 2544 habet
1205 2493 1251 2544 diu
1269 2500 1402 2560 noctuque,

243 2575 312 2643 quod
330 2575 441 2642 antiqui,
458 2591 510 2628 non
528 2575 617 2629 Cicero
636 2575 764 2629 dixemnt.
800 2578 825 2630 Is
844 2578 1066 2647 (1166666166666,
1085 2579 1164 2631 6166
1182 2578 1236 2630 Att.
1255 2579 1311 2644 Vll,
1330 2579 1354 2643 9,
1371 2581 1401 2644 4;

241 2678 267 2730 p.
286 2661 344 2715 Dei.
363 2660 404 2726 13,
422 2660 464 2725 38,
481 2678 508 2728 p.
519 2662 595 2736 Rosc.
614 2662 672 2713 Am.
692 2662 716 2725 9,
735 2664 760 2726 6,
777 2680 803 2731 p.
815 2663 935 2728 Marcello
946 2663 1024 2728 Ui,
1043 2668 1069 2716 et
1086 2664 1141 2717 dies
1160 2671 1185 2716 et
1201 2671 1287 2717 noctes
1306 2664 1402 2718 adsta

241 2748 303 2813 XII,
320 2748 370 2813 46;
388 2748 443 2800 dies
461 2754 537 2816 utque
555 2755 640 2799 occ-tes
659 2747 727 2800 infra
745 2750 759 2812 ξ
777 2749 810 2801 71
815 2769 822 2813 ;
845 2749 987 2802 sedetiam
1005 2750 1107 2802 inverso
1127 2750 1216 2803 ordine
1234 2757 1319 2803 noctes
1337 2751 1403 2803 diee-

241 2851 291 2902 que
308 2835 337 2887 in
354 2833 428 2887 Verr.
445 2833 502 2886 Act.
520 2833 541 2898 I,
560 2835 600 2898 17,
619 2834 665 2898 523
684 2834 727 2886 lib.
746 2835 780 2899 V,
797 2835 838 2899 43,
858 2836 923 2899 119,
940 2843 1026 2889 cortes
1044 2843 1069 2888 61
1085 2836 1140 2888 dies
1158 2837 1232 2889 Tusa.
1253 2836 1291 2900 V,
1309 2836 1350 2901 95,
1369 2837 1403 2890 70

240 2925 268 2974 et
286 2920 330 2985 39,
349 2919 411 2985 113;
429 2920 460 2972 (16
478 2920 571 2985 oratl,
584 2921 625 2984 61,
644 2921 708 2985 966;
726 2921 798 2974 Brut.
812 2920 853 2986 90,
866 2921 931 2986 3083
951 2930 1037 2975 noctes
1055 2939 1086 2974 uc·
1105 2921 1159 2975 dies
1177 2922 1293 2990 pllrch.
1308 2922 1401 2987 11,99.

241 3006 318 3061 Solet
329 3008 409 3076 igitur
420 3007 544 3076 pluralem
562 3022 666 3075 ponere,
685 3023 732 3059 nec
750 3007 907 3075 singularem
919 3009 1002 3076 reperi
1019 3008 1069 3060 nisi
1088 3024 1138 3061 uno
1156 3008 1205 3060 hee
1222 3007 1292 3060 loco:
1314 3024 1402 3076 quam·

241 3111 320 3163 quam
340 3109 370 3147 eo
390 3098 496 3147 utuntur
514 3095 557 3147 alii
576 3095 637 3147 boni
654 3095 802 3164 scriptores,
821 3097 849 3146 ut
867 3093 940 3147 Caes.
959 3094 1019 3146 bell.
1037 3092 1103 3146 Gall.
1121 3093 1177 3158 VII,
1194 3094 1229 3147 49
1246 3097 1277 3145 et.
1289 3094 1330 3158 71,
1343 3093 1401 3158 bell.

241 3180 323 3246 ciel,
334 3181 367 3234 69
385 3181 452 3239 diem
470 3188 617 3247 coeteraque
634 3184 661 3233 61
678 3183 782 3249 saepius
800 3181 896 3233 Livius.
925 3181 1008 3244 Quare
1026 3180 1097 3233 nulia
1115 3195 1193 3233 causa
1210 3182 1257 3242 est,
1275 3194 1320 3231 cur
1328 3179 1402 3231 Lam-

240 3269 305 3320 bino
323 3267 378 3319 dies
396 3273 530 3334 noctesque
548 3267 686 3335 corrigenti
703 3267 844 3319 credamus.
869 3295 903 3303 -
923 3266 1013 3334 plenos
1026 3266 1149 3335 periculi.
1184 3264 1250 3318 Nam
1268 3265 1328 3333 quia
1345 3264 1401 3318 Sul-

242 3353 318 3405 lanae
337 3352 539 3420 proscriptiones
557 3354 583 3404 et
601 3353 732 3405 auctiones
754 3353 979 3422 improbabuntur,
997 3352 1139 3421 periculum
1157 3355 1224 3417 erat,
1242 3348 1279 3404 uc
1301 3353 1328 3404 hi
1346 3352 1402 3420 agri

242 3441 275 3492 iis
293 3436 338 3508 q'ni
355 3441 491 3504 emissent,
514 3440 597 3507 pretio
615 3454 667 3491 uon
684 3439 784 3492 reddito
807 3440 987 3492 adimerentur.
1024 3438 1061 3490 61.
1080 3439 1157 3507 paulo
1174 3440 1234 3506 post
1251 3439 1265 3502 ᾗ
1283 3438 1316 3490 69
1329 3438 1402 3507 peu·-

243 3527 300 3579 6616
319 3525 438 3594 liberetis.
457 3554 490 3561 —
508 3525 555 3578 boc
573 3540 676 3577 6666166
694 3553 727 3561 -
745 3524 795 3576 sibi
812 3527 881 3578 intus
903 3525 981 3578 currit.
1017 3524 1183 3577 Proverbium
1201 3523 1327 3577 Graecum
1344 3539 1401 3577 esse

244 3613 280 3664 ait
296 3611 386 3664 cicere
403 3613 431 3664 in
447 3611 520 3664 Verr.
540 3611 564 3676 l,
582 3612 628 3676 20,
646 3611 696 3676 53,
712 3615 842 3680 sumptum
860 3631 875 3664 6
893 3616 979 3665 statua
996 3610 1121 3678 Aspendii
1143 3610 1303 3674 citharistae,
1327 3627 1402 3678 quem

245 3699 331 3751 omnia
353 3697 422 3750 intus
446 3713 536 3751 cauere
555 3695 687 3761 dicebant,
705 3697 722 3750 i.
742 3713 777 3760 6.,
799 3699 828 3748 61
850 3699 980 3762 existimo,
998 3699 1083 3749 statua
1099 3695 1145 3747 illa
1161 3696 1231 3748 facta
1252 3699 1308 3747 erat
1330 3700 1402 3750 tanta

246 3788 309 3849 arte,
327 3785 491 3851 canentisque
508 3784 605 3837 uultum
624 3772 699 3851 atque
712 3777 828 3836 habitum
845 3784 881 3836 ita
894 3784 1063 3853 exprimebat,-
1080 3785 1117 3847 ut,
1129 3797 1187 3835 cum
1199 3781 1296 3834 nullum
1309 3797 1400 3836 sonum

247 3872 341 3936 ederet,
359 3871 429 3923 intus
446 3886 537 3923 canere
555 3872 692 3924 videretur.
728 3869 852 3922 Similiter
868 3869 949 3938 igitur
966 3869 1057 3922 Rullus
1074 3869 1144 3921 illam
1163 3868 1324 3921 Sullanarum
1341 3883 1401 3936 pos-

188 4020 189 4025 ,
247 3958 390 4010 sessionum
412 3954 630 4009 confirmationem
652 3970 703 4008 noo
726 3954 835 4006 aliorum
857 3968 935 4005 causa
959 3955 1086 4022 suscepit,
1110 3953 1154 4006 sed
1177 3969 1224 4006 sua
1248 3968 1400 4021 suorumque

249 4058 323 4095 causa
340 4046 447 4112 propter
464 4027 580 4095 socerum
598 4057 679 4101 suum,

332 4147 467 4202 6916161
488 4165 610 4201 socerum.
652 4147 716 4200 llum
740 4144 854 4199 nominat
875 4144 903 4195 in
927 4147 990 4196 orat
1008 4144 1052 4208 111,
1072 4144 1085 4196 1
1109 4143 1239 4214 Vulpinos,
1258 4159 1332 4212 quem
1349 4158 1400 4198 non

250 4236 371 4299 oratorie,
395 4235 441 4291 sed
458 4250 517 4288 rere
538 4237 575 4288 ait
591 4238 691 4286 tantum
709 4246 862 4302 occupasse,
881 4234 1004 4298 quantum
1027 4232 1199 4299 concupisset.
1234 4231 1313 4295 Nam,
1331 4230 1399 4298 quod

250 4320 372 4384 curtili,
390 4320 415 4384 4,
435 4320 466 4373 14
484 4322 678 4383 commemorat,
698 4317 903 4386 proscriptorum
921 4314 964 4366 ille
983 4329 1072 4382 agros,
1095 4316 1138 4382 qui
1156 4315 1232 4370 divisi
1250 4333 1300 4371 non
1319 4320 1401 4381 eraut,

251 4408 398 4470 nulleiure,
415 4406 486 4458 nulla
504 4406 629 4469 auctione,
648 4403 790 4472 cupiditate
808 4403 864 4456 sola
881 4401 973 4453 ductus
991 4399 1114 4467 possedit.
1131 4428 1166 4436 —
1183 4403 1355 4457 succumbenti
1366 4430 1399 4442 -

249 4493 331 4559 paui.
359 4493 437 4558 Haec,
454 4508 519 4561 quae
536 4492 695 4560 scripsimus,
713 4491 830 4543 codicum
848 4489 987 4541 auctoritas
1006 4487 1128 4555 postulat,
1146 4490 1307 4542 commendat
1322 4490 1400 4543 etiam

251 4581 382 4633 sententia.
423 4579 490 4631 Nam
513 4595 559 4632 cur
580 4594 632 4631 non
649 4594 679 4630 ea
702 4593 757 4641 res,
780 4593 831 4644 qua
853 4574 1007 4643 opprimitur
1024 4577 1050 4625 et
1066 4573 1223 4636 succumbit,
1246 4575 1400 4643 cogitatione

251 4667 414 4737 suppleatur?
449 4665 485 4719 Ut
501 4666 533 4719 de
550 4665 593 4720 fin.
610 4666 694 4732 11,29,
711 4665 744 4719 95
762 4666 815 4717 est:
834 4670 908 4732 turpe
926 4661 1125 4725 6666611666
1143 4673 1197 4715 esee
1214 4657 1400 4715 debilitocide·
