<?xml version="1.0" encoding="UTF-8"?>
<!DOCTYPE html PUBLIC "-//W3C//DTD XHTML 1.0 Transitional//EN"
    "http://www.w3.org/TR/xhtml1/DTD/xhtml1-transitional.dtd">
<html xmlns="http://www.w3.org/1999/xhtml" xml:lang="en" lang="en">
 <head>
  <title>
</title>
<meta http-equiv="Content-Type" content="text/html;charset=utf-8" />
  <meta name='ocr-system' content='tesseract 3.04.00' />
  <meta name='ocr-capabilities' content='ocr_page ocr_carea ocr_par ocr_line ocrx_word'/>
</head>
<body>
  <div class='ocr_page' id='page_1' title='image "./orationestresde00cicegoog/orationestresde00cicegoog_0017.png"; bbox 0 0 3550 5492; ppageno 0'>
   <div class='ocr_carea' id='block_1_1' title="bbox 798 586 1086 643">
    <p class='ocr_par' dir='ltr' id='par_1_1' title="bbox 798 586 1086 643">
     <span class='ocr_line' id='line_1_1' title="bbox 798 586 1086 643; baseline 0.021 -14"><span class='ocrx_word' id='word_1_1' title='bbox 798 586 1086 643; x_wconf 5' lang='lat' dir='ltr'>xmp.</span> 
     </span>
    </p>
   </div>
   <div class='ocr_carea' id='block_1_2' title="bbox 200 721 1408 3154">
    <p class='ocr_par' dir='ltr' id='par_1_2' title="bbox 200 721 1408 3154">
     <span class='ocr_line' id='line_1_2' title="bbox 247 721 1408 809; baseline 0.003 -21"><span class='ocrx_word' id='word_1_2' title='bbox 247 725 455 809; x_wconf 88' lang='lat' dir='ltr'>Haec,·quae</span> <span class='ocrx_word' id='word_1_3' title='bbox 477 729 625 790; x_wconf 85' lang='lat' dir='ltr'>extremo.</span> <span class='ocrx_word' id='word_1_4' title='bbox 639 723 704 790; x_wconf 90' lang='lat' dir='ltr'>loco</span> <span class='ocrx_word' id='word_1_5' title='bbox 732 722 979 803; x_wconf 88' lang='lat' dir='ltr'>commemoravi,</span> <span class='ocrx_word' id='word_1_6' title='bbox 1010 721 1114 806; x_wconf 88' lang='lat' dir='ltr'>qualia</span> <span class='ocrx_word' id='word_1_7' title='bbox 1141 724 1258 791; x_wconf 84' lang='lat' dir='ltr'>luerint</span> <span class='ocrx_word' id='word_1_8' title='bbox 1285 725 1408 792; x_wconf 88' lang='lat' dir='ltr'>difficile</span> 
     </span>
     <span class='ocr_line' id='line_1_3' title="bbox 250 829 1407 922; baseline 0.003 -22"><span class='ocrx_word' id='word_1_9' title='bbox 250 843 300 902; x_wconf 89' lang='lat' dir='ltr'>est</span> <span class='ocrx_word' id='word_1_10' title='bbox 321 829 416 920; x_wconf 85' lang='lat' dir='ltr'>dictu,</span> <span class='ocrx_word' id='word_1_11' title='bbox 439 836 495 902; x_wconf 88' lang='lat' dir='ltr'>sed</span> <span class='ocrx_word' id='word_1_12' title='bbox 509 835 651 901; x_wconf 84' lang='lat' dir='ltr'>existimo</span> <span class='ocrx_word' id='word_1_13' title='bbox 665 855 702 900; x_wconf 89' lang='lat' dir='ltr'>ea</span> <span class='ocrx_word' id='word_1_14' title='bbox 716 833 820 918; x_wconf 82' lang='lat' dir='ltr'>luisse,</span> <span class='ocrx_word' id='word_1_15' title='bbox 843 834 1010 919; x_wconf 86' lang='lat' dir='ltr'>exquibus</span> <span class='ocrx_word' id='word_1_16' title='bbox 1032 855 1095 900; x_wconf 92' lang='lat' dir='ltr'>non</span> <span class='ocrx_word' id='word_1_17' title='bbox 1110 834 1245 900; x_wconf 91' lang='lat' dir='ltr'>multum</span> <span class='ocrx_word' id='word_1_18' title='bbox 1259 838 1407 922; x_wconf 87' lang='lat' dir='ltr'>pecuniae</span> 
     </span>
     <span class='ocr_line' id='line_1_4' title="bbox 247 945 1407 1032; baseline 0.002 -18"><span class='ocrx_word' id='word_1_19' title='bbox 247 947 376 1031; x_wconf 90' lang='lat' dir='ltr'>rediret,</span> <span class='ocrx_word' id='word_1_20' title='bbox 414 953 451 1013; x_wconf 89' lang='lat' dir='ltr'>ut</span> <span class='ocrx_word' id='word_1_21' title='bbox 484 968 590 1014; x_wconf 88' lang='lat' dir='ltr'>eorum</span> <span class='ocrx_word' id='word_1_22' title='bbox 623 946 843 1012; x_wconf 79' lang='lat' dir='ltr'><strong>detrimentum</strong></span> <span class='ocrx_word' id='word_1_23' title='bbox 877 945 966 1011; x_wconf 87' lang='lat' dir='ltr'>facile</span> <span class='ocrx_word' id='word_1_24' title='bbox 999 947 1077 1011; x_wconf 87' lang='lat' dir='ltr'>ferre</span> <span class='ocrx_word' id='word_1_25' title='bbox 1109 953 1211 1032; x_wconf 87' lang='lat' dir='ltr'>posset</span> <span class='ocrx_word' id='word_1_26' title='bbox 1244 949 1407 1016; x_wconf 87' lang='lat' dir='ltr'>aerarium.</span> 
     </span>
     <span class='ocr_line' id='line_1_5' title="bbox 247 1056 1407 1147; baseline 0.003 -23"><span class='ocrx_word' id='word_1_27' title='bbox 247 1059 362 1126; x_wconf 88' lang='lat' dir='ltr'>Multos</span> <span class='ocrx_word' id='word_1_28' title='bbox 392 1060 476 1125; x_wconf 90' lang='lat' dir='ltr'>enim</span> <span class='ocrx_word' id='word_1_29' title='bbox 498 1080 586 1144; x_wconf 83' lang='lat' dir='ltr'>agros</span> <span class='ocrx_word' id='word_1_30' title='bbox 607 1058 747 1144; x_wconf 89' lang='lat' dir='ltr'>publicos</span> <span class='ocrx_word' id='word_1_31' title='bbox 768 1058 863 1123; x_wconf 92' lang='lat' dir='ltr'>etiam</span> <span class='ocrx_word' id='word_1_32' title='bbox 891 1056 1038 1145; x_wconf 84' lang='lat' dir='ltr'>posthae</span> <span class='ocrx_word' id='word_1_33' title='bbox 1060 1058 1252 1125; x_wconf 80' lang='lat' dir='ltr'>venditiones</span> <span class='ocrx_word' id='word_1_34' title='bbox 1271 1061 1314 1126; x_wconf 55' lang='lat' dir='ltr'>¹in</span> <span class='ocrx_word' id='word_1_35' title='bbox 1337 1082 1407 1147; x_wconf 89' lang='lat' dir='ltr'>pro·</span> 
     </span>
     <span class='ocr_line' id='line_1_6' title="bbox 247 1168 1407 1257; baseline 0.002 -21"><span class='ocrx_word' id='word_1_36' title='bbox 247 1170 360 1236; x_wconf 89' lang='lat' dir='ltr'>vinciis</span> <span class='ocrx_word' id='word_1_37' title='bbox 382 1171 586 1257; x_wconf 86' lang='lat' dir='ltr'>superfuisse,</span> <span class='ocrx_word' id='word_1_38' title='bbox 603 1170 677 1235; x_wconf 92' lang='lat' dir='ltr'>inde</span> <span class='ocrx_word' id='word_1_39' title='bbox 699 1170 864 1251; x_wconf 76' lang='lat' dir='ltr'>discimus,</span> <span class='ocrx_word' id='word_1_40' title='bbox 887 1169 969 1254; x_wconf 92' lang='lat' dir='ltr'>quod</span> <span class='ocrx_word' id='word_1_41' title='bbox 990 1168 1139 1254; x_wconf 77' lang='lat' dir='ltr'>peculiari</span> <span class='ocrx_word' id='word_1_42' title='bbox 1161 1170 1259 1255; x_wconf 88' lang='lat' dir='ltr'>eapite</span> <span class='ocrx_word' id='word_1_43' title='bbox 1282 1172 1340 1237; x_wconf 76' lang='lat' dir='ltr'>his.</span> <span class='ocrx_word' id='word_1_44' title='bbox 1354 1194 1407 1238; x_wconf 88' lang='lat' dir='ltr'>ve-</span> 
     </span>
     <span class='ocr_line' id='line_1_7' title="bbox 246 1280 1405 1368; baseline 0.001 -20"><span class='ocrx_word' id='word_1_45' title='bbox 246 1282 341 1366; x_wconf 83' lang='lat' dir='ltr'>ctigal</span> <span class='ocrx_word' id='word_1_46' title='bbox 367 1282 496 1368; x_wconf 88' lang='lat' dir='ltr'>imponi</span> <span class='ocrx_word' id='word_1_47' title='bbox 515 1283 657 1363; x_wconf 88' lang='lat' dir='ltr'>iubebat,</span> <span class='ocrx_word' id='word_1_48' title='bbox 688 1281 816 1366; x_wconf 90' lang='lat' dir='ltr'>eiusque</span> <span class='ocrx_word' id='word_1_49' title='bbox 849 1280 895 1344; x_wconf 88' lang='lat' dir='ltr'>rei</span> <span class='ocrx_word' id='word_1_50' title='bbox 922 1280 1073 1345; x_wconf 90' lang='lat' dir='ltr'>iudicium</span> <span class='ocrx_word' id='word_1_51' title='bbox 1100 1280 1206 1347; x_wconf 89' lang='lat' dir='ltr'>Xviris</span> <span class='ocrx_word' id='word_1_52' title='bbox 1242 1283 1405 1349; x_wconf 85' lang='lat' dir='ltr'>deferebat.</span> 
     </span>
     <span class='ocr_line' id='line_1_8' title="bbox 245 1391 1406 1481; baseline 0.002 -22"><span class='ocrx_word' id='word_1_53' title='bbox 245 1392 445 1477; x_wconf 81' lang='lat' dir='ltr'>Adiungebat</span> <span class='ocrx_word' id='word_1_54' title='bbox 458 1393 591 1479; x_wconf 88' lang='lat' dir='ltr'>denique</span> <span class='ocrx_word' id='word_1_55' title='bbox 612 1414 682 1458; x_wconf 92' lang='lat' dir='ltr'>eam</span> <span class='ocrx_word' id='word_1_56' title='bbox 703 1393 878 1478; x_wconf 90' lang='lat' dir='ltr'>pecuniam,</span> <span class='ocrx_word' id='word_1_57' title='bbox 902 1412 996 1476; x_wconf 88' lang='lat' dir='ltr'>quam</span> <span class='ocrx_word' id='word_1_58' title='bbox 1010 1391 1059 1456; x_wconf 95' lang='lat' dir='ltr'>vel</span> <span class='ocrx_word' id='word_1_59' title='bbox 1080 1393 1251 1476; x_wconf 84' lang='lat' dir='ltr'>superiores</span> <span class='ocrx_word' id='word_1_60' title='bbox 1273 1394 1406 1481; x_wconf 89' lang='lat' dir='ltr'>impera·</span> 
     </span>
     <span class='ocr_line' id='line_1_9' title="bbox 244 1503 1407 1592; baseline 0 -20"><span class='ocrx_word' id='word_1_61' title='bbox 244 1513 326 1572; x_wconf 82' lang='lat' dir='ltr'>tores</span> <span class='ocrx_word' id='word_1_62' title='bbox 347 1506 501 1592; x_wconf 73' lang='lat' dir='ltr'>cepissent</span> <span class='ocrx_word' id='word_1_63' title='bbox 516 1505 648 1570; x_wconf 88' lang='lat' dir='ltr'>necdum</span> <span class='ocrx_word' id='word_1_64' title='bbox 669 1505 704 1569; x_wconf 92' lang='lat' dir='ltr'>in</span> <span class='ocrx_word' id='word_1_65' title='bbox 719 1504 874 1569; x_wconf 88' lang='lat' dir='ltr'>aerarium</span> <span class='ocrx_word' id='word_1_66' title='bbox 891 1503 1068 1568; x_wconf 90' lang='lat' dir='ltr'>retulissent</span> <span class='ocrx_word' id='word_1_67' title='bbox 1082 1503 1132 1568; x_wconf 89' lang='lat' dir='ltr'>vel</span> <span class='ocrx_word' id='word_1_68' title='bbox 1147 1504 1290 1590; x_wconf 87' lang='lat' dir='ltr'>deinceps</span> <span class='ocrx_word' id='word_1_69' title='bbox 1303 1513 1407 1572; x_wconf 88' lang='lat' dir='ltr'>essent</span> 
     </span>
     <span class='ocr_line' id='line_1_10' title="bbox 245 1614 1406 1699; baseline 0.003 -16"><span class='ocrx_word' id='word_1_70' title='bbox 245 1618 385 1684; x_wconf 88' lang='lat' dir='ltr'>relaturi.</span> <span class='ocrx_word' id='word_1_71' title='bbox 419 1617 504 1695; x_wconf 85' lang='lat' dir='ltr'>Quid</span> <span class='ocrx_word' id='word_1_72' title='bbox 525 1616 621 1699; x_wconf 76' lang='lat' dir='ltr'>igitur</span> <span class='ocrx_word' id='word_1_73' title='bbox 638 1615 769 1680; x_wconf 86' lang='lat' dir='ltr'>Rullum</span> <span class='ocrx_word' id='word_1_74' title='bbox 788 1614 823 1679; x_wconf 93' lang='lat' dir='ltr'>in</span> <span class='ocrx_word' id='word_1_75' title='bbox 845 1614 902 1680; x_wconf 89' lang='lat' dir='ltr'>hac</span> <span class='ocrx_word' id='word_1_76' title='bbox 924 1614 1101 1680; x_wconf 85' lang='lat' dir='ltr'>venditione</span> <span class='ocrx_word' id='word_1_77' title='bbox 1122 1616 1338 1682; x_wconf 86' lang='lat' dir='ltr'>constituenda</span> <span class='ocrx_word' id='word_1_78' title='bbox 1358 1639 1406 1687; x_wconf 83' lang='lat' dir='ltr'>se-</span> 
     </span>
     <span class='ocr_line' id='line_1_11' title="bbox 244 1725 1405 1814; baseline 0 -20"><span class='ocrx_word' id='word_1_79' title='bbox 244 1736 355 1794; x_wconf 84' lang='lat' dir='ltr'>cutum</span> <span class='ocrx_word' id='word_1_80' title='bbox 375 1749 440 1794; x_wconf 87' lang='lat' dir='ltr'>esse</span> <span class='ocrx_word' id='word_1_81' title='bbox 455 1725 662 1792; x_wconf 83' lang='lat' dir='ltr'>arbitramur?</span> <span class='ocrx_word' id='word_1_82' title='bbox 698 1726 856 1791; x_wconf 91' lang='lat' dir='ltr'>Nimirum</span> <span class='ocrx_word' id='word_1_83' title='bbox 876 1725 943 1808; x_wconf 91' lang='lat' dir='ltr'>hoc,</span> <span class='ocrx_word' id='word_1_84' title='bbox 959 1731 995 1790; x_wconf 90' lang='lat' dir='ltr'>ut</span> <span class='ocrx_word' id='word_1_85' title='bbox 1009 1726 1126 1812; x_wconf 84' lang='lat' dir='ltr'>opinor,</span> <span class='ocrx_word' id='word_1_86' title='bbox 1142 1727 1296 1794; x_wconf 89' lang='lat' dir='ltr'>aerarium</span> <span class='ocrx_word' id='word_1_87' title='bbox 1317 1749 1405 1814; x_wconf 89' lang='lat' dir='ltr'>posse</span> 
     </span>
     <span class='ocr_line' id='line_1_12' title="bbox 200 1836 1405 1924; baseline -0.001 -17"><span class='ocrx_word' id='word_1_88' title='bbox 200 1883 220 1905; x_wconf 91' lang='lat'>-.</span> <span class='ocrx_word' id='word_1_89' title='bbox 244 1846 386 1907; x_wconf 80' lang='lat' dir='ltr'>constare</span> <span class='ocrx_word' id='word_1_90' title='bbox 407 1845 611 1924; x_wconf 86' lang='lat' dir='ltr'>sumptusque</span> <span class='ocrx_word' id='word_1_91' title='bbox 625 1837 765 1923; x_wconf 88' lang='lat' dir='ltr'>publicos</span> <span class='ocrx_word' id='word_1_92' title='bbox 787 1836 913 1902; x_wconf 85' lang='lat' dir='ltr'>tolerari</span> <span class='ocrx_word' id='word_1_93' title='bbox 934 1837 973 1902; x_wconf 87' lang='lat' dir='ltr'>iis</span> <span class='ocrx_word' id='word_1_94' title='bbox 987 1838 1050 1901; x_wconf 84' lang='lat' dir='ltr'>fere</span> <span class='ocrx_word' id='word_1_95' title='bbox 1072 1837 1233 1921; x_wconf 82' lang='lat' dir='ltr'>reditibus,</span> <span class='ocrx_word' id='word_1_96' title='bbox 1256 1840 1311 1923; x_wconf 91' lang='lat' dir='ltr'>qni</span> <span class='ocrx_word' id='word_1_97' title='bbox 1333 1847 1405 1906; x_wconf 90' lang='lat' dir='ltr'>ante</span> 
     </span>
     <span class='ocr_line' id='line_1_13' title="bbox 246 1948 1405 2040; baseline 0.003 -26"><span class='ocrx_word' id='word_1_98' title='bbox 246 1971 369 2016; x_wconf 84' lang='lat' dir='ltr'>annum</span> <span class='ocrx_word' id='word_1_99' title='bbox 389 1950 431 2015; x_wconf 92' lang='lat'>88</span> <span class='ocrx_word' id='word_1_100' title='bbox 452 1950 600 2040; x_wconf 77' lang='lat' dir='ltr'>fuissent:</span> <span class='ocrx_word' id='word_1_101' title='bbox 623 1948 771 2034; x_wconf 91' lang='lat' dir='ltr'>quicquid</span> <span class='ocrx_word' id='word_1_102' title='bbox 792 1954 898 2034; x_wconf 89' lang='lat' dir='ltr'>postea</span> <span class='ocrx_word' id='word_1_103' title='bbox 919 1948 1106 2031; x_wconf 87' lang='lat' dir='ltr'>accessisset,</span> <span class='ocrx_word' id='word_1_104' title='bbox 1132 1949 1165 2013; x_wconf 93' lang='lat' dir='ltr'>id</span> <span class='ocrx_word' id='word_1_105' title='bbox 1186 1950 1221 2014; x_wconf 92' lang='lat' dir='ltr'>in</span> <span class='ocrx_word' id='word_1_106' title='bbox 1242 1970 1347 2035; x_wconf 79' lang='lat' dir='ltr'>agros,</span> <span class='ocrx_word' id='word_1_107' title='bbox 1370 1951 1405 2017; x_wconf 94' lang='lat' dir='ltr'>in</span> 
     </span>
     <span class='ocr_line' id='line_1_14' title="bbox 245 2050 1405 2150; baseline 0 -24"><span class='ocrx_word' id='word_1_108' title='bbox 245 2083 322 2148; x_wconf 91' lang='lat' dir='ltr'>quos</span> <span class='ocrx_word' id='word_1_109' title='bbox 338 2061 423 2146; x_wconf 89' lang='lat' dir='ltr'>plebs</span> <span class='ocrx_word' id='word_1_110' title='bbox 450 2060 659 2142; x_wconf 89' lang='lat' dir='ltr'>deduceretur,</span> <span class='ocrx_word' id='word_1_111' title='bbox 682 2080 750 2124; x_wconf 89' lang='lat' dir='ltr'>esse</span> <span class='ocrx_word' id='word_1_112' title='bbox 769 2059 1001 2150; x_wconf 79' lang='lat' dir='ltr'>¹eonferendum.</span> <span class='ocrx_word' id='word_1_113' title='bbox 1037 2060 1143 2147; x_wconf 88' lang='lat' dir='ltr'>Neque</span> <span class='ocrx_word' id='word_1_114' title='bbox 1163 2080 1234 2126; x_wconf 92' lang='lat' dir='ltr'>vero</span> <span class='ocrx_word' id='word_1_115' title='bbox 1255 2050 1405 2148; x_wconf 87' lang='lat' dir='ltr'>perpetua</span> 
     </span>
     <span class='ocr_line' id='line_1_15' title="bbox 244 2171 1404 2258; baseline 0.003 -21"><span class='ocrx_word' id='word_1_116' title='bbox 244 2175 430 2238; x_wconf 81' lang='lat' dir='ltr'>intorserat</span> <span class='ocrx_word' id='word_1_117' title='bbox 446 2173 506 2256; x_wconf 84' lang='lat' dir='ltr'>lex,</span> <span class='ocrx_word' id='word_1_118' title='bbox 521 2178 558 2237; x_wconf 92' lang='lat' dir='ltr'>ut</span> <span class='ocrx_word' id='word_1_119' title='bbox 569 2172 651 2257; x_wconf 89' lang='lat' dir='ltr'>quod</span> <span class='ocrx_word' id='word_1_120' title='bbox 662 2172 704 2236; x_wconf 91' lang='lat' dir='ltr'>ab</span> <span class='ocrx_word' id='word_1_121' title='bbox 721 2171 860 2237; x_wconf 85' lang='lat' dir='ltr'>hostibus</span> <span class='ocrx_word' id='word_1_122' title='bbox 874 2176 999 2258; x_wconf 91' lang='lat' dir='ltr'>captum</span> <span class='ocrx_word' id='word_1_123' title='bbox 1015 2178 1105 2256; x_wconf 88' lang='lat' dir='ltr'>esset,</span> <span class='ocrx_word' id='word_1_124' title='bbox 1119 2173 1284 2257; x_wconf 85' lang='lat' dir='ltr'>quotannis</span> <span class='ocrx_word' id='word_1_125' title='bbox 1299 2174 1333 2240; x_wconf 92' lang='lat' dir='ltr'>in</span> <span class='ocrx_word' id='word_1_126' title='bbox 1355 2196 1404 2241; x_wconf 88' lang='lat' dir='ltr'>co-</span> 
     </span>
     <span class='ocr_line' id='line_1_16' title="bbox 243 2282 1403 2370; baseline 0.003 -22"><span class='ocrx_word' id='word_1_127' title='bbox 243 2284 337 2349; x_wconf 91' lang='lat' dir='ltr'>loniis</span> <span class='ocrx_word' id='word_1_128' title='bbox 351 2290 592 2366; x_wconf 88' lang='lat' dir='ltr'>consumeretur,</span> <span class='ocrx_word' id='word_1_129' title='bbox 610 2283 665 2349; x_wconf 91' lang='lat' dir='ltr'>sed</span> <span class='ocrx_word' id='word_1_130' title='bbox 684 2282 898 2367; x_wconf 92' lang='lat' dir='ltr'>quinquennio</span> <span class='ocrx_word' id='word_1_131' title='bbox 913 2282 1089 2366; x_wconf 85' lang='lat' dir='ltr'>liniebatur,</span> <span class='ocrx_word' id='word_1_132' title='bbox 1106 2303 1166 2370; x_wconf 90' lang='lat' dir='ltr'>quo</span> <span class='ocrx_word' id='word_1_133' title='bbox 1179 2290 1285 2351; x_wconf 83' lang='lat' dir='ltr'>exacto</span> <span class='ocrx_word' id='word_1_134' title='bbox 1295 2307 1403 2352; x_wconf 88' lang='lat' dir='ltr'>rursus</span> 
     </span>
     <span class='ocr_line' id='line_1_17' title="bbox 245 2395 1403 2480; baseline 0.003 -20"><span class='ocrx_word' id='word_1_135' title='bbox 245 2397 351 2461; x_wconf 90' lang='lat' dir='ltr'>omnia</span> <span class='ocrx_word' id='word_1_136' title='bbox 371 2396 404 2460; x_wconf 93' lang='lat' dir='ltr'>in</span> <span class='ocrx_word' id='word_1_137' title='bbox 429 2395 582 2460; x_wconf 88' lang='lat' dir='ltr'>aerarium</span> <span class='ocrx_word' id='word_1_138' title='bbox 597 2402 701 2461; x_wconf 82' lang='lat' dir='ltr'>essent</span> <span class='ocrx_word' id='word_1_139' title='bbox 717 2401 917 2480; x_wconf 87' lang='lat' dir='ltr'>perventura:</span> <span class='ocrx_word' id='word_1_140' title='bbox 939 2395 1145 2479; x_wconf 90' lang='lat' dir='ltr'>quinquennii</span> <span class='ocrx_word' id='word_1_141' title='bbox 1160 2403 1265 2463; x_wconf 90' lang='lat' dir='ltr'>autem</span> <span class='ocrx_word' id='word_1_142' title='bbox 1286 2399 1403 2464; x_wconf 89' lang='lat' dir='ltr'>reditus</span> 
     </span>
     <span class='ocr_line' id='line_1_18' title="bbox 243 2508 1403 2595; baseline 0.003 -22"><span class='ocrx_word' id='word_1_143' title='bbox 243 2513 276 2573; x_wconf 91' lang='lat' dir='ltr'>et</span> <span class='ocrx_word' id='word_1_144' title='bbox 297 2509 379 2595; x_wconf 93' lang='lat' dir='ltr'>quod</span> <span class='ocrx_word' id='word_1_145' title='bbox 400 2509 433 2572; x_wconf 94' lang='lat' dir='ltr'>in</span> <span class='ocrx_word' id='word_1_146' title='bbox 456 2508 573 2573; x_wconf 87' lang='lat' dir='ltr'>aerario</span> <span class='ocrx_word' id='word_1_147' title='bbox 600 2508 816 2593; x_wconf 88' lang='lat' dir='ltr'>superflueret,</span> <span class='ocrx_word' id='word_1_148' title='bbox 844 2508 880 2573; x_wconf 90' lang='lat' dir='ltr'>in</span> <span class='ocrx_word' id='word_1_149' title='bbox 907 2528 975 2574; x_wconf 89' lang='lat' dir='ltr'>eam</span> <span class='ocrx_word' id='word_1_150' title='bbox 997 2529 1062 2573; x_wconf 90' lang='lat' dir='ltr'>rem</span> <span class='ocrx_word' id='word_1_151' title='bbox 1089 2509 1233 2591; x_wconf 77' lang='lat' dir='ltr'>conferri,</span> <span class='ocrx_word' id='word_1_152' title='bbox 1262 2515 1298 2574; x_wconf 92' lang='lat' dir='ltr'>ut</span> <span class='ocrx_word' id='word_1_153' title='bbox 1317 2509 1403 2595; x_wconf 87' lang='lat' dir='ltr'>plebs</span> 
     </span>
     <span class='ocr_line' id='line_1_19' title="bbox 242 2617 1403 2703; baseline 0.002 -19"><span class='ocrx_word' id='word_1_154' title='bbox 242 2621 363 2685; x_wconf 85' lang='lat' dir='ltr'>urbana</span> <span class='ocrx_word' id='word_1_155' title='bbox 384 2621 420 2684; x_wconf 90' lang='lat' dir='ltr'>in</span> <span class='ocrx_word' id='word_1_156' title='bbox 434 2620 516 2703; x_wconf 87' lang='lat' dir='ltr'>agris</span> <span class='ocrx_word' id='word_1_157' title='bbox 530 2619 729 2684; x_wconf 82' lang='lat' dir='ltr'>collocaretur</span> <span class='ocrx_word' id='word_1_158' title='bbox 749 2640 785 2683; x_wconf 87' lang='lat' dir='ltr'>ac</span> <span class='ocrx_word' id='word_1_159' title='bbox 806 2617 918 2684; x_wconf 88' lang='lat' dir='ltr'>civitas</span> <span class='ocrx_word' id='word_1_160' title='bbox 940 2640 979 2683; x_wconf 83' lang='lat' dir='ltr'>ex</span> <span class='ocrx_word' id='word_1_161' title='bbox 993 2619 1142 2684; x_wconf 88' lang='lat' dir='ltr'>diuturna</span> <span class='ocrx_word' id='word_1_162' title='bbox 1156 2619 1310 2685; x_wconf 88' lang='lat' dir='ltr'>discordia</span> <span class='ocrx_word' id='word_1_163' title='bbox 1330 2641 1403 2686; x_wconf 90' lang='lat' dir='ltr'>eon·</span> 
     </span>
     <span class='ocr_line' id='line_1_20' title="bbox 221 2711 1401 2818; baseline 0.003 -22"><span class='ocrx_word' id='word_1_164' title='bbox 221 2711 413 2812; x_wconf 78' lang='lat' dir='ltr'>cibaretur,</span> <span class='ocrx_word' id='word_1_165' title='bbox 436 2729 607 2816; x_wconf 87' lang='lat' dir='ltr'>vituperari</span> <span class='ocrx_word' id='word_1_166' title='bbox 621 2750 683 2795; x_wconf 93' lang='lat' dir='ltr'>non</span> <span class='ocrx_word' id='word_1_167' title='bbox 706 2730 872 2815; x_wconf 87' lang='lat' dir='ltr'>oportebat.</span> <span class='ocrx_word' id='word_1_168' title='bbox 909 2730 1017 2814; x_wconf 81' lang='lat' dir='ltr'>Itaque</span> <span class='ocrx_word' id='word_1_169' title='bbox 1039 2752 1117 2817; x_wconf 88' lang='lat' dir='ltr'>quae</span> <span class='ocrx_word' id='word_1_170' title='bbox 1128 2731 1233 2798; x_wconf 85' lang='lat' dir='ltr'>Cicero</span> <span class='ocrx_word' id='word_1_171' title='bbox 1254 2732 1401 2818; x_wconf 86' lang='lat' dir='ltr'>disputat,</span> 
     </span>
     <span class='ocr_line' id='line_1_21' title="bbox 241 2840 1400 2927; baseline 0 -19"><span class='ocrx_word' id='word_1_172' title='bbox 241 2843 283 2908; x_wconf 86' lang='lat' dir='ltr'>ad</span> <span class='ocrx_word' id='word_1_173' title='bbox 314 2843 395 2908; x_wconf 89' lang='lat' dir='ltr'>iram</span> <span class='ocrx_word' id='word_1_174' title='bbox 430 2840 643 2905; x_wconf 87' lang='lat' dir='ltr'>multitudinis</span> <span class='ocrx_word' id='word_1_175' title='bbox 675 2840 872 2907; x_wconf 84' lang='lat' dir='ltr'>excitandam</span> <span class='ocrx_word' id='word_1_176' title='bbox 898 2841 1059 2926; x_wconf 88' lang='lat' dir='ltr'>aptissima</span> <span class='ocrx_word' id='word_1_177' title='bbox 1092 2863 1157 2907; x_wconf 89' lang='lat' dir='ltr'>esse</span> <span class='ocrx_word' id='word_1_178' title='bbox 1175 2842 1400 2927; x_wconf 83' lang='lat' dir='ltr'>concedemus,</span> 
     </span>
     <span class='ocr_line' id='line_1_22' title="bbox 220 2942 1402 3039; baseline -0.002 -18"><span class='ocrx_word' id='word_1_179' title='bbox 220 2942 354 3022; x_wconf 79' lang='lat' dir='ltr'>¹merito</span> <span class='ocrx_word' id='word_1_180' title='bbox 376 2951 641 3039; x_wconf 86' lang='lat' dir='ltr'>reprehendinon</span> <span class='ocrx_word' id='word_1_181' title='bbox 664 2952 874 3018; x_wconf 87' lang='lat' dir='ltr'>concedemus.</span> <span class='ocrx_word' id='word_1_182' title='bbox 918 2952 1076 3034; x_wconf 85' lang='lat' dir='ltr'>Nonnulla</span> <span class='ocrx_word' id='word_1_183' title='bbox 1100 2953 1225 3037; x_wconf 92' lang='lat' dir='ltr'>quidem</span> <span class='ocrx_word' id='word_1_184' title='bbox 1246 2952 1402 3019; x_wconf 88' lang='lat' dir='ltr'>laudanda</span> 
     </span>
     <span class='ocr_line' id='line_1_23' title="bbox 240 3064 1400 3154; baseline 0.001 -21"><span class='ocrx_word' id='word_1_185' title='bbox 240 3068 345 3154; x_wconf 90' lang='lat' dir='ltr'>potius</span> <span class='ocrx_word' id='word_1_186' title='bbox 367 3072 464 3149; x_wconf 86' lang='lat' dir='ltr'>erant,</span> <span class='ocrx_word' id='word_1_187' title='bbox 487 3065 574 3131; x_wconf 90' lang='lat' dir='ltr'>velut</span> <span class='ocrx_word' id='word_1_188' title='bbox 595 3064 683 3149; x_wconf 91' lang='lat' dir='ltr'>illud,</span> <span class='ocrx_word' id='word_1_189' title='bbox 706 3067 788 3151; x_wconf 92' lang='lat' dir='ltr'>quod</span> <span class='ocrx_word' id='word_1_190' title='bbox 809 3087 897 3151; x_wconf 85' lang='lat' dir='ltr'>agros</span> <span class='ocrx_word' id='word_1_191' title='bbox 917 3065 1058 3153; x_wconf 90' lang='lat' dir='ltr'>publicos</span> <span class='ocrx_word' id='word_1_192' title='bbox 1072 3066 1275 3154; x_wconf 86' lang='lat' dir='ltr'>pmvinciales</span> <span class='ocrx_word' id='word_1_193' title='bbox 1289 3067 1400 3134; x_wconf 87' lang='lat' dir='ltr'>Rullus</span> 
     </span>
    </p>
   </div>
   <div class='ocr_carea' id='block_1_3' title="bbox 237 3290 1437 4721">
    <p class='ocr_par' dir='ltr' id='par_1_3' title="bbox 237 3290 1437 4721">
     <span class='ocr_line' id='line_1_24' title="bbox 241 3290 1399 3378; baseline 0.002 -22"><span class='ocrx_word' id='word_1_194' title='bbox 241 3291 418 3356; x_wconf 86' lang='lat' dir='ltr'>Romanum</span> <span class='ocrx_word' id='word_1_195' title='bbox 444 3290 687 3375; x_wconf 90' lang='lat' dir='ltr'>irascereturque</span> <span class='ocrx_word' id='word_1_196' title='bbox 707 3291 886 3376; x_wconf 88' lang='lat' dir='ltr'>multitudo,</span> <span class='ocrx_word' id='word_1_197' title='bbox 910 3292 987 3378; x_wconf 88' lang='lat' dir='ltr'>eripi</span> <span class='ocrx_word' id='word_1_198' title='bbox 1009 3293 1079 3359; x_wconf 91' lang='lat' dir='ltr'>urbi</span> <span class='ocrx_word' id='word_1_199' title='bbox 1092 3314 1175 3358; x_wconf 57' lang='lat' dir='ltr'>,suae</span> <span class='ocrx_word' id='word_1_200' title='bbox 1196 3293 1276 3359; x_wconf 91' lang='lat' dir='ltr'>hanc</span> <span class='ocrx_word' id='word_1_201' title='bbox 1298 3293 1399 3378; x_wconf 87' lang='lat' dir='ltr'>digni-</span> 
     </span>
     <span class='ocr_line' id='line_1_25' title="bbox 240 3402 1399 3493; baseline 0.001 -25"><span class='ocrx_word' id='word_1_202' title='bbox 240 3410 353 3486; x_wconf 90' lang='lat' dir='ltr'>tatem,</span> <span class='ocrx_word' id='word_1_203' title='bbox 375 3402 430 3468; x_wconf 91' lang='lat' dir='ltr'>sed</span> <span class='ocrx_word' id='word_1_204' title='bbox 446 3402 665 3486; x_wconf 81' lang='lat' dir='ltr'>gratissimum</span> <span class='ocrx_word' id='word_1_205' title='bbox 686 3409 767 3467; x_wconf 88' lang='lat' dir='ltr'>certe</span> <span class='ocrx_word' id='word_1_206' title='bbox 789 3410 856 3469; x_wconf 87' lang='lat' dir='ltr'>erat</span> <span class='ocrx_word' id='word_1_207' title='bbox 875 3405 1134 3493; x_wconf 86' lang='lat' dir='ltr'>provincialibus,</span> <span class='ocrx_word' id='word_1_208' title='bbox 1162 3406 1215 3490; x_wconf 90' lang='lat' dir='ltr'>qui</span> <span class='ocrx_word' id='word_1_209' title='bbox 1242 3405 1287 3470; x_wconf 89' lang='lat' dir='ltr'>ita</span> <span class='ocrx_word' id='word_1_210' title='bbox 1309 3405 1399 3470; x_wconf 84' lang='lat' dir='ltr'>facile</span> 
     </span>
     <span class='ocr_line' id='line_1_26' title="bbox 240 3514 1398 3603; baseline 0.002 -24"><span class='ocrx_word' id='word_1_211' title='bbox 240 3515 303 3601; x_wconf 85' lang='lat' dir='ltr'>ipsi</span> <span class='ocrx_word' id='word_1_212' title='bbox 324 3535 411 3599; x_wconf 78' lang='lat' dir='ltr'>agros</span> <span class='ocrx_word' id='word_1_213' title='bbox 432 3514 506 3579; x_wconf 84' lang='lat' dir='ltr'>illos</span> <span class='ocrx_word' id='word_1_214' title='bbox 524 3535 625 3579; x_wconf 86' lang='lat' dir='ltr'>emere</span> <span class='ocrx_word' id='word_1_215' title='bbox 647 3521 780 3600; x_wconf 87' lang='lat' dir='ltr'>possent</span> <span class='ocrx_word' id='word_1_216' title='bbox 814 3516 851 3580; x_wconf 93' lang='lat' dir='ltr'>In</span> <span class='ocrx_word' id='word_1_217' title='bbox 866 3516 973 3581; x_wconf 88' lang='lat' dir='ltr'>Sicilia</span> <span class='ocrx_word' id='word_1_218' title='bbox 988 3517 1072 3582; x_wconf 89' lang='lat' dir='ltr'>euim</span> <span class='ocrx_word' id='word_1_219' title='bbox 1085 3522 1209 3603; x_wconf 89' lang='lat' dir='ltr'>propter</span> <span class='ocrx_word' id='word_1_220' title='bbox 1225 3517 1398 3582; x_wconf 87' lang='lat' dir='ltr'>Siculorum</span> 
     </span>
     <span class='ocr_line' id='line_1_27' title="bbox 240 3626 1398 3714; baseline 0.001 -22"><span class='ocrx_word' id='word_1_221' title='bbox 240 3627 435 3692; x_wconf 89' lang='lat' dir='ltr'>commodum</span> <span class='ocrx_word' id='word_1_222' title='bbox 456 3626 571 3691; x_wconf 89' lang='lat' dir='ltr'>scimus</span> <span class='ocrx_word' id='word_1_223' title='bbox 592 3647 657 3691; x_wconf 91' lang='lat' dir='ltr'>esso</span> <span class='ocrx_word' id='word_1_224' title='bbox 678 3627 870 3712; x_wconf 87' lang='lat' dir='ltr'>institutum,</span> <span class='ocrx_word' id='word_1_225' title='bbox 893 3636 929 3695; x_wconf 91' lang='lat' dir='ltr'>ut</span> <span class='ocrx_word' id='word_1_226' title='bbox 942 3630 1106 3714; x_wconf 85' lang='lat' dir='ltr'>vectigalia</span> <span class='ocrx_word' id='word_1_227' title='bbox 1122 3650 1184 3694; x_wconf 92' lang='lat' dir='ltr'>non</span> <span class='ocrx_word' id='word_1_228' title='bbox 1199 3629 1323 3712; x_wconf 66' lang='lat' dir='ltr'>Romae</span> <span class='ocrx_word' id='word_1_229' title='bbox 1344 3629 1398 3694; x_wconf 91' lang='lat' dir='ltr'>sed</span> 
     </span>
     <span class='ocr_line' id='line_1_28' title="bbox 239 3726 1358 3825; baseline -0.002 -19"><span class='ocrx_word' id='word_1_230' title='bbox 239 3743 275 3806; x_wconf 92' lang='lat' dir='ltr'>in</span> <span class='ocrx_word' id='word_1_231' title='bbox 297 3739 400 3805; x_wconf 86' lang='lat' dir='ltr'>insula</span> <span class='ocrx_word' id='word_1_232' title='bbox 414 3738 692 3825; x_wconf 68' lang='lat' dir='ltr'>,ipsa‘locarentun</span> <span class='ocrx_word' id='word_1_233' title='bbox 1322 3726 1324 3730; x_wconf 36' lang='lat'><strong><em>¹</em></strong></span> <span class='ocrx_word' id='word_1_234' title='bbox 1354 3799 1358 3804; x_wconf 86' lang='grc'><em>,</em></span> 
     </span>
     <span class='ocr_line' id='line_1_29' title="bbox 326 3834 1396 3936; baseline 0.001 -20"><span class='ocrx_word' id='word_1_235' title='bbox 326 3851 444 3933; x_wconf 83' lang='lat' dir='ltr'>Restat,</span> <span class='ocrx_word' id='word_1_236' title='bbox 460 3855 502 3914; x_wconf 89' lang='lat' dir='ltr'>-nt</span> <span class='ocrx_word' id='word_1_237' title='bbox 523 3834 562 3914; x_wconf 89' lang='lat' dir='ltr'>de</span> <span class='ocrx_word' id='word_1_238' title='bbox 585 3849 708 3930; x_wconf 91' lang='lat' dir='ltr'>colonis,</span> <span class='ocrx_word' id='word_1_239' title='bbox 730 3870 808 3936; x_wconf 91' lang='lat' dir='ltr'>quos</span> <span class='ocrx_word' id='word_1_240' title='bbox 822 3851 937 3917; x_wconf 85' lang='lat' dir='ltr'>Rullus</span> <span class='ocrx_word' id='word_1_241' title='bbox 960 3850 1070 3924; x_wconf 86' lang='lat' dir='ltr'>deduci</span> <span class='ocrx_word' id='word_1_242' title='bbox 1084 3849 1227 3934; x_wconf 90' lang='lat' dir='ltr'>voluerit,</span> <span class='ocrx_word' id='word_1_243' title='bbox 1249 3849 1396 3934; x_wconf 80' lang='lat' dir='ltr'>dicamus,</span> 
     </span>
     <span class='ocr_line' id='line_1_30' title="bbox 239 3948 1437 4049; baseline -0.001 -20"><span class='ocrx_word' id='word_1_244' title='bbox 239 3963 278 4029; x_wconf 94' lang='lat' dir='ltr'>de</span> <span class='ocrx_word' id='word_1_245' title='bbox 297 3963 414 4049; x_wconf 24' lang='lat' dir='ltr'>,quibus</span> <span class='ocrx_word' id='word_1_246' title='bbox 429 3962 534 4026; x_wconf 78' lang='lat' dir='ltr'>Cicero</span> <span class='ocrx_word' id='word_1_247' title='bbox 555 3966 679 4027; x_wconf 87' lang='lat' dir='ltr'>tentum</span> <span class='ocrx_word' id='word_1_248' title='bbox 701 3962 776 4028; x_wconf 91' lang='lat' dir='ltr'>haec</span> <span class='ocrx_word' id='word_1_249' title='bbox 798 3963 859 4029; x_wconf 94' lang='lat' dir='ltr'>duc</span> <span class='ocrx_word' id='word_1_250' title='bbox 874 3948 1262 4048; x_wconf 74' lang='lat' dir='ltr'>commemoratprimum</span> <span class='ocrx_word' id='word_1_251' title='bbox 1283 3963 1397 4028; x_wconf 85' lang='lat' dir='ltr'>dixisse</span> <span class='ocrx_word' id='word_1_252' title='bbox 1429 3989 1437 4002; x_wconf 95' lang='lat'><strong>·</strong></span> 
     </span>
     <span class='ocr_line' id='line_1_31' title="bbox 239 4072 1396 4161; baseline -0.002 -21"><span class='ocrx_word' id='word_1_253' title='bbox 239 4075 342 4157; x_wconf 90' lang='lat' dir='ltr'>illum,</span> <span class='ocrx_word' id='word_1_254' title='bbox 364 4072 487 4160; x_wconf 90' lang='lat' dir='ltr'>plebem</span> <span class='ocrx_word' id='word_1_255' title='bbox 501 4073 654 4141; x_wconf 87' lang='lat' dir='ltr'>urbanam</span> <span class='ocrx_word' id='word_1_256' title='bbox 668 4097 735 4141; x_wconf 90' lang='lat' dir='ltr'>esse</span> <span class='ocrx_word' id='word_1_257' title='bbox 750 4075 1000 4141; x_wconf 83' lang='lat' dir='ltr'>exhauriendam.</span> <span class='ocrx_word' id='word_1_258' title='bbox 1028 4075 1139 4161; x_wconf 88' lang='lat' dir='ltr'>Itaque</span> <span class='ocrx_word' id='word_1_259' title='bbox 1149 4094 1213 4141; x_wconf 50' lang='lat' dir='ltr'>non*</span> <span class='ocrx_word' id='word_1_260' title='bbox 1226 4075 1283 4140; x_wconf 92' lang='lat' dir='ltr'>hoc</span> <span class='ocrx_word' id='word_1_261' title='bbox 1298 4074 1396 4139; x_wconf 90' lang='lat' dir='ltr'>solum</span> 
     </span>
     <span class='ocr_line' id='line_1_32' title="bbox 239 4185 1396 4277; baseline -0.002 -26"><span class='ocrx_word' id='word_1_262' title='bbox 239 4190 434 4271; x_wconf 87' lang='lat' dir='ltr'>sequebatur,</span> <span class='ocrx_word' id='word_1_263' title='bbox 456 4185 538 4269; x_wconf 90' lang='lat' dir='ltr'>quod</span> <span class='ocrx_word' id='word_1_264' title='bbox 559 4186 633 4252; x_wconf 92' lang='lat' dir='ltr'>clim</span> <span class='ocrx_word' id='word_1_265' title='bbox 645 4188 773 4253; x_wconf 83' lang='lat' dir='ltr'>Gracchi</span> <span class='ocrx_word' id='word_1_266' title='bbox 786 4188 884 4253; x_wconf 90' lang='lat' dir='ltr'>secuti</span> <span class='ocrx_word' id='word_1_267' title='bbox 899 4192 996 4270; x_wconf 88' lang='lat' dir='ltr'>erant,</span> <span class='ocrx_word' id='word_1_268' title='bbox 1019 4193 1055 4252; x_wconf 88' lang='lat' dir='ltr'>ut</span> <span class='ocrx_word' id='word_1_269' title='bbox 1068 4188 1176 4253; x_wconf 88' lang='lat' dir='ltr'>Italiae</span> <span class='ocrx_word' id='word_1_270' title='bbox 1197 4185 1396 4277; x_wconf 87' lang='lat' dir='ltr'>solitudinem</span> 
     </span>
     <span class='ocr_line' id='line_1_33' title="bbox 238 4298 1397 4386; baseline -0.001 -23"><span class='ocrx_word' id='word_1_271' title='bbox 238 4301 480 4383; x_wconf 86' lang='lat' dir='ltr'>frequentarent,</span> <span class='ocrx_word' id='word_1_272' title='bbox 501 4318 609 4363; x_wconf 89' lang='lat' dir='ltr'>verum</span> <span class='ocrx_word' id='word_1_273' title='bbox 624 4299 719 4366; x_wconf 85' lang='lat' dir='ltr'>etiam</span> <span class='ocrx_word' id='word_1_274' title='bbox 732 4299 821 4383; x_wconf 86' lang='lat' dir='ltr'>illud,</span> <span class='ocrx_word' id='word_1_275' title='bbox 843 4305 880 4365; x_wconf 92' lang='lat' dir='ltr'>ut</span> <span class='ocrx_word' id='word_1_276' title='bbox 893 4299 1125 4386; x_wconf 86' lang='lat' dir='ltr'>rempublicam,</span> <span class='ocrx_word' id='word_1_277' title='bbox 1141 4319 1220 4385; x_wconf 91' lang='lat' dir='ltr'>quae</span> <span class='ocrx_word' id='word_1_278' title='bbox 1234 4298 1397 4364; x_wconf 91' lang='lat' dir='ltr'>hominum</span> 
     </span>
     <span class='ocr_line' id='line_1_34' title="bbox 238 4409 1397 4504; baseline -0.003 -28"><span class='ocrx_word' id='word_1_279' title='bbox 238 4431 405 4496; x_wconf 79' lang='lat' dir='ltr'>egenorum</span> <span class='ocrx_word' id='word_1_280' title='bbox 431 4409 633 4477; x_wconf 87' lang='lat' dir='ltr'>multitudine</span> <span class='ocrx_word' id='word_1_281' title='bbox 655 4409 921 4496; x_wconf 79' lang='lat' dir='ltr'>corrumpebatur,</span> <span class='ocrx_word' id='word_1_282' title='bbox 949 4412 1135 4484; x_wconf 87' lang='lat' dir='ltr'>emendaret.</span> <span class='ocrx_word' id='word_1_283' title='bbox 1180 4411 1283 4504; x_wconf 85' lang='lat' dir='ltr'>Atque</span> <span class='ocrx_word' id='word_1_284' title='bbox 1306 4413 1397 4473; x_wconf 88' lang='lat' dir='ltr'>aucta</span> 
     </span>
     <span class='ocr_line' id='line_1_35' title="bbox 239 4519 1395 4621; baseline -0.005 -32"><span class='ocrx_word' id='word_1_285' title='bbox 239 4530 306 4590; x_wconf 91' lang='lat' dir='ltr'>erat</span> <span class='ocrx_word' id='word_1_286' title='bbox 327 4523 494 4589; x_wconf 86' lang='lat' dir='ltr'>multitudo</span> <span class='ocrx_word' id='word_1_287' title='bbox 515 4521 637 4605; x_wconf 81' lang='lat' dir='ltr'>legibus</span> <span class='ocrx_word' id='word_1_288' title='bbox 660 4521 819 4606; x_wconf 79' lang='lat' dir='ltr'>Corneliis,</span> <span class='ocrx_word' id='word_1_289' title='bbox 841 4523 955 4621; x_wconf 84' lang='lat' dir='ltr'>quibus</span> <span class='ocrx_word' id='word_1_290' title='bbox 976 4545 1046 4590; x_wconf 90' lang='lat' dir='ltr'>cum</span> <span class='ocrx_word' id='word_1_291' title='bbox 1068 4530 1114 4597; x_wconf 81' lang='lat' dir='ltr'>tot</span> <span class='ocrx_word' id='word_1_292' title='bbox 1127 4545 1181 4608; x_wconf 90' lang='lat' dir='ltr'>per</span> <span class='ocrx_word' id='word_1_293' title='bbox 1196 4520 1320 4587; x_wconf 88' lang='lat' dir='ltr'>Italiam</span> <span class='ocrx_word' id='word_1_294' title='bbox 1333 4519 1395 4591; x_wconf 82' lang='lat' dir='ltr'>&#39;ho-</span> 
     </span>
     <span class='ocr_line' id='line_1_36' title="bbox 237 4621 1396 4721; baseline -0.008 -16"><span class='ocrx_word' id='word_1_295' title='bbox 237 4639 339 4705; x_wconf 87' lang='lat' dir='ltr'>mines</span> <span class='ocrx_word' id='word_1_296' title='bbox 355 4635 498 4712; x_wconf 85' lang='lat' dir='ltr'>omnibus</span> <span class='ocrx_word' id='word_1_297' title='bbox 513 4633 601 4699; x_wconf 88' lang='lat' dir='ltr'>bonis</span> <span class='ocrx_word' id='word_1_298' title='bbox 615 4634 823 4719; x_wconf 84' lang='lat' dir='ltr'>privarentur,</span> <span class='ocrx_word' id='word_1_299' title='bbox 839 4621 886 4699; x_wconf 89' lang='lat' dir='ltr'>tot</span> <span class='ocrx_word' id='word_1_300' title='bbox 899 4635 1011 4721; x_wconf 90' lang='lat' dir='ltr'>oppida</span> <span class='ocrx_word' id='word_1_301' title='bbox 1025 4641 1081 4702; x_wconf 87' lang='lat' dir='ltr'>aut</span> <span class='ocrx_word' id='word_1_302' title='bbox 1094 4635 1175 4719; x_wconf 83' lang='lat' dir='ltr'>agris</span> <span class='ocrx_word' id='word_1_303' title='bbox 1197 4640 1255 4719; x_wconf 78' lang='lat' dir='ltr'>aut</span> <span class='ocrx_word' id='word_1_304' title='bbox 1265 4623 1396 4720; x_wconf 83' lang='lat' dir='ltr'>pecunia</span> 
     </span>
    </p>
   </div>
   <div class='ocr_carea' id='block_1_4' title="bbox 0 0 1780 5492">
    <p class='ocr_par' dir='ltr' id='par_1_4' title="bbox 0 0 1780 5492">
     <span class='ocr_line' id='line_1_37' title="bbox 0 0 1780 5492; baseline 0 4"><span class='ocrx_word' id='word_1_305' title='bbox 0 0 1780 5492; x_wconf 95' lang='lat' dir='ltr'> </span> 
     </span>
    </p>
   </div>
  </div>
 </body>
</html>
