3550 5492
333 1591 387 1656 DE
417 1591 521 1657 LEGE
552 1594 740 1660 AGRARIA
767 1595 958 1662 SERVlLlA
986 1598 1039 1664 ET
1068 1559 1281 1668 CODlCiBUS
1304 1540 1456 1674 HARUM

501 1772 504 1777 ⁴
545 1705 795 1801 ORATlONUll·
816 1707 963 1776 BREVIS
985 1709 1246 1792 DISPUTATIO.
1386 1721 1388 1724 ’

841 1902 996 1913 -α--ι-η

309 1983 469 2105 Duarum
490 2060 594 2105 rerum
616 2038 838 2126 expositionem
860 2038 912 2104 hic
932 2039 1019 2105 loeus
1040 2040 1196 2127 postulat,
1218 2042 1356 2127 primum
1378 2049 1414 2109 ut
1435 2044 1474 2109 de

308 2150 377 2232 lege
402 2151 537 2221 Seruilia
558 2152 690 2237 agraria,
712 2157 928 2236 contraquam
949 2152 1025 2217 haec
1041 2153 1138 2217 oratio
1158 2153 1265 2219 habita
1286 2160 1343 2239 est,
1366 2155 1476 2222 deinde

312 2269 350 2328 ut
372 2263 410 2327 de
436 2263 602 2346 codicibus,
625 2264 738 2349 quibus
760 2264 810 2330 usi
832 2285 959 2347 sumus,
981 2264 1188 2350 editionisque
1209 2271 1332 2331 nostrae
1359 2268 1477 2335 ratione

310 2373 461 2442 dicamus.
503 2377 551 2443 Ac
573 2377 611 2441 dc
632 2377 698 2459 lege
721 2376 851 2461 quidem,
867 2375 923 2440 illa
937 2376 1039 2462 qualis
1061 2375 1155 2441 fuerit
1176 2383 1208 2442 et
1229 2398 1323 2462 quam
1344 2380 1382 2446 ob
1404 2402 1476 2447 cau·

309 2509 379 2552 sam
399 2488 481 2571 lata,
512 2487 637 2553 institui
658 2488 772 2574 poterit
800 2487 969 2574 disputatio
992 2494 1023 2553 et
1044 2488 1137 2572 longa
1159 2494 1190 2553 et
1211 2488 1251 2553 ad
1272 2488 1477 2575 intelligenda

311 2598 468 2665 Ciceronis
499 2600 593 2665 verba
614 2619 707 2686 prope
737 2599 924 2679 necessaria3
952 2599 987 2665 in
1015 2599 1128 2685 quibus
1155 2600 1357 2667 aestimandis
1379 2602 1475 2669 inter-

306 2717 409 2798 pretes
437 2711 644 2796 historiaeque
666 2711 823 2776 Romanae
858 2717 1050 2777 enarratores
1085 2712 1269 2777 recentiores
1303 2714 1357 2779 vix
1392 2715 1475 2780 credi

308 2820 419 2910 potest‘
435 2827 624 2908 quantopere
644 2822 808 2908 peccarint.
847 2821 973 2886 Etenim
995 2823 1070 2888 olim
1092 2843 1165 2887 cum
1187 2822 1365 2888 Ciceronem
1388 2847 1474 2889 sum-

307 2956 396 2999 mum
426 2925 577 2999 oratorem
603 2933 700 2999 fuisse
727 2933 856 3015 scirent,
884 2932 1036 2998 laudabili
1058 2953 1132 2998 sane
1154 2932 1360 2999 admiratione
1388 2936 1474 3022 capti

307 3047 383 3112 dum
405 3053 561 3111 oratorum
583 3050 615 3109 et
634 3044 887 3131 philosophorum
909 3043 1040 3110 virtutes
1063 3044 1279 3129 confundunt,
1301 3039 1365 3112 nisi
1386 3048 1474 3132 quod

306 3159 504 3224 verissimum
526 3163 617 3241 esset,
640 3157 721 3222 nihil
735 3157 774 3221 ab
796 3176 831 3221 eo
846 3156 908 3220 diei
930 3176 1019 3242 posse
1033 3156 1094 3221 sibi
1108 3163 1339 3242 persuaserunt.
1369 3159 1470 3236 Quare

307 3292 380 3334 cum
407 3270 461 3334 ille
489 3270 525 3334 P·.
554 3268 684 3334 Rullum
711 3289 801 3353 saepe
830 3267 914 3332 dicat
942 3266 1084 3332 stultum·
1102 3267 1215 3350 fuisse,
1248 3269 1472 3356 impudentem,

308 3383 437 3448 suorum
460 3381 689 3447 commodorum
710 3379 895 3461 studiosum,
910 3379 1106 3466 reipublicae
1128 3379 1345 3464 negligentem,
1372 3381 1472 3466 legem

306 3495 409 3578 ipsam
437 3514 499 3559 non
526 3494 617 3560 modo
649 3493 792 3580 imperite
821 3492 1023 3579 compositam
1051 3499 1144 3577 atque
1171 3493 1329 3579 ineptam,
1364 3515 1473 3558 verum

307 3605 403 3670 etiam
425 3605 545 3670 civitati
566 3592 818 3686 inutilissimum,
847 3603 937 3669 facile
960 3603 1035 3669 haec
1058 3604 1162 3670 omnia
1183 3603 1245 3668 viri
1267 3602 1348 3668 docti
1370 3602 1470 3667 credi-

307 3717 421 3782 derunt
442 3739 499 3782 nec
514 3724 622 3783 artem
634 3717 799 3784 oratoriam
820 3716 855 3780 in
877 3737 915 3779 ea
935 3715 1004 3801 ipsa
1025 3735 1058 3779 re
1080 3714 1212 3800 positam
1231 3735 1298 3778 esse
1313 3714 1468 3795 viderunt,

307 3833 345 3892 nt
366 3849 445 3912 quae
467 3850 562 3894 causa
582 3830 651 3894 iure
673 3833 755 3893 essct
776 3826 913 3908 inferior,
937 3825 1066 3890 dicendo
1088 3826 1176 3889 fieret
1197 3815 1345 3910 superior.
1386 3826 1468 3902 Quos

307 3939 386 4004 talia
407 3961 479 4004 cum
500 3960 615 4024 magna
636 3940 800 4006 verborum
821 3936 1054 4022 magnificentia
1075 3935 1263 4020 explicantes
1279 3937 1470 4022 Rullumque

306 4058 468 4137 tamquam
490 4051 629 4134 omnium
651 4051 830 4117 mortalium
855 4047 1084 4114 inertissimum
1112 4052 1343 4113 contemnentes
1367 4049 1395 4112 si
1417 4048 1469 4111 Ci-

307 4183 376 4227 cero
398 4163 464 4249 ipse
479 4161 609 4242 audiret,
631 4164 745 4228 rideret
758 4163 891 4248 prolecto
912 4183 948 4226 ac
969 4157 1134 4242 contigisse
1149 4158 1219 4242 sibi,
1241 4166 1278 4225 ut
1300 4181 1362 4224 non
1379 4159 1469 4224 modo

262 4320 264 4324 «
307 4274 470 4360 imperitae
492 4273 706 4356 multitudini,
730 4296 838 4339 verum
861 4273 955 4337 ctiam
983 4271 1113 4358 posteris
1142 4271 1288 4336 nebulam
1316 4269 1469 4354 obiiceret,

307 4386 482 4451 miraretur.
537 4385 652 4450 Contra
693 4391 796 4449 nostro
838 4390 975 4470 tempore
1007 4382 1190 4464 extiterunt,
1227 4382 1281 4467 qui
1314 4382 1469 4446 Ciceronis
1545 4403 1547 4407 ·

308 4518 372 4580 non
394 4496 556 4580 ingenium
577 4496 625 4562 illi
653 4495 793 4583 quidem,
824 4495 878 4561 sed
905 4495 1102 4582 prudentiam
1125 4494 1230 4579 reique
1257 4493 1399 4579 publicae
1420 4514 1469 4558 re·

308 4610 427 4693 gandae
448 4607 612 4675 scientiam
635 4609 841 4696 despicerent:
868 4629 962 4693 quem
988 4630 1058 4673 cum
1080 4612 1234 4694 postremo
1260 4605 1300 4671 ab
1322 4605 1469 4671 dictatore
1488 4632 1500 4684 χ
