3550 5492
773 641 813 653 --
859 604 921 671 123
965 642 1006 653 -

308 767 392 853 quod
420 765 458 830 de
481 766 647 852 Campanis
676 773 834 852 ceperant,
864 787 927 834 non
953 767 1196 850 imminuerunt,
1231 767 1466 847 verumetiam,

308 868 391 954 qnod
413 868 569 951 tenebant
592 869 704 954 quibus
727 869 823 934 adimi
845 869 913 934 iure
935 891 996 935 non
1018 875 1146 955 poterat,
1170 874 1355 934 coemerunt.
1400 869 1468 946 Qua

307 970 346 1037 de
373 990 467 1035 cansa
493 990 549 1034 nee
577 970 637 1034 duo
664 969 808 1052 Gracchi,
836 971 891 1055 qui
922 970 958 1034 de
991 970 1089 1056 plebis
1116 970 1273 1035 Romanae
1300 970 1467 1037 commodis

306 1072 479 1160 plurimum
500 1071 721 1156 cogitaverunt,
744 1093 801 1136 nec
823 1072 859 1136 L.
882 1072 979 1156 Sulla,
1006 1072 1060 1157 qui
1081 1071 1186 1137 omnia
1214 1072 1281 1136 sine
1309 1073 1374 1138 ulla
1394 1074 1467 1138 reli·

307 1178 399 1262 gione
420 1176 533 1262 quibus
554 1177 654 1242 voluit
681 1183 730 1243 est
751 1176 931 1262 dilargituS,
961 1199 1070 1262 agrum
1093 1178 1286 1264 Campanum
1316 1179 1466 1262 attingere

308 1300 405 1347 ausus
427 1287 489 1347 est:
511 1281 623 1347 Rullus
646 1280 750 1347 extitit
771 1283 826 1365 qui
848 1303 886 1346 ex
908 1304 945 1347 ea
963 1283 1154 1369 possessione
1174 1281 1396 1367 rempublicam
1418 1281 1466 1346 di-

307 1390 455 1467 moveret,
477 1406 516 1449 er
537 1405 599 1469 qua
620 1405 677 1450 nec
699 1384 904 1450 Gracchorum
927 1385 1101 1470 benignitas
1124 1405 1193 1449 eam
1214 1404 1271 1448 nec
1286 1382 1391 1448 Sullae
1413 1382 1466 1447 do·

306 1489 439 1554 minatio
466 1487 635 1553 deiecisset.
687 1488 784 1565 Quem
819 1509 928 1572 agrum
961 1511 1045 1555 nunc
1072 1491 1300 1574 praetereuntes
1328 1491 1466 1550 vestrum
1475 1502 1557 1557 XXX

307 1612 375 1659 esse
397 1590 500 1658 dicitis
523 1597 554 1657 ct
575 1591 629 1677 qui
643 1591 678 1656 in
699 1592 807 1657 urbem
821 1592 880 1657 iter
895 1592 1013 1660 iaciunt
1036 1593 1155 1660 externi
1172 1592 1313 1659 homines
1328 1595 1466 1656 vestrum

397 1803 454 1852 quod
466 1802 487 1842 et
497 1801 602 1843 emebant
615 1822 641 1833 -
654 1803 779 1844 democena
792 1823 815 1832 -
830 1804 903 1844 demto
915 1806 936 1843 et
949 1811 1009 1850 quem
1019 1812 1062 1852 per
1073 1805 1117 1843 tter
1131 1803 1167 1850 qai
1175 1803 1271 1850 saetam.

311 1957 394 2013 Nisae
407 1959 522 2030 positura
538 1959 653 2028 vectabat
669 1959 790 2029 appellat
826 1960 916 2014 Altera
937 1959 1018 2012 virtus
1036 1961 1088 2023 est,
1105 1956 1173 2027 quod
1197 1972 1254 2010 oum
1273 1955 1397 2026 Campani
1413 1958 1464 2026 ipsi

307 2044 361 2098 sint
372 2043 452 2112 quieti
465 2058 494 2096 ac
512 2043 629 2108 modesti,
646 2038 723 2098 nullis
735 2043 904 2098 seditionibus
923 2060 952 2098 ac
963 2045 1038 2099 bellis
1049 2043 1178 2097 intestinis
1196 2041 1340 2108 infestatur,
1357 2043 1465 2096 eandem

307 2134 409 2201 semper
417 2131 546 2186 fructuum
559 2133 660 2202 copiam
672 2134 730 2198 fert,
743 2133 827 2187 nullas
839 2145 887 2184 nee
899 2130 971 2195 coeli,
988 2131 1058 2184 uelut
1066 2132 1255 2198 tempestatum,
1267 2142 1316 2181 nec
1327 2127 1387 2193 loci,
1396 2129 1466 2182 velut

309 2217 690 2287 inundationumcalamitates
708 2220 813 2288 patitur.
825 2246 859 2256 —
871 2218 903 2271 de
916 2215 1055 2286 Campania
1074 2223 1202 2286 ceperant
1239 2214 1283 2268 Sic
1299 2214 1465 2269 Lauredanns

308 2301 466 2367 emendarit3
484 2318 544 2355 nam
562 2318 651 2356 omnes
662 2303 723 2358 libri
739 2320 787 2358 ms.
800 2303 921 2358 omittunt
931 2303 1155 2372 praepositionem,
1168 2301 1261 2370 quibus
1279 2301 1327 2354 etsi
1344 2301 1466 2354 honorem

308 2404 384 2443 suum
400 2403 503 2442 serrare
514 2388 675 2443 vehementer
687 2391 813 2458 cupimus,
825 2391 946 2444 Latinum
955 2393 1041 2443 tamen
1053 2406 1111 2446 esse
1123 2405 1246 2459 negamus
1265 2405 1358 2458 capere
1376 2389 1466 2453 client,

310 2476 340 2545 ut
357 2473 426 2526 siti.
444 2488 469 2541 q.
488 2472 599 2526 adimere
617 2474 701 2528 alicui.
736 2474 895 2543 Quamquam
913 2474 1068 2540 dubitamus,
1086 2493 1119 2529 an
1137 2476 1207 2545 qaod
1218 2473 1377 2544 Campaniae
1395 2490 1466 2544 cepe-

307 2563 372 2610 rant
387 2557 500 2610 scribere
517 2560 645 2625 praestet;
662 2559 770 2611 mutatio
782 2560 883 2628 quidem
903 2576 954 2614 non
972 2566 1012 2614 est
1029 2560 1165 2615 difficilior.
1185 2560 1258 2626 Quod
1276 2565 1362 2614 autem
1376 2561 1465 2615 (licere

307 2642 438 2701 Romanos
456 2647 534 2712 negat
552 2651 642 2712 agrum
659 2660 675 2696 a
694 2645 815 2700 Romanis
833 2649 938 2715 captum
954 2647 1121 2712 imminuisse,
1140 2647 1185 2701 sed
1203 2648 1340 2710 coemisse,
1358 2646 1467 2701 fecerint

309 2726 337 2781 id
353 2731 459 2798 postea;
478 2745 545 2783 anno
562 2729 664 2800 quidem
682 2730 734 2784 205
750 2747 773 2784 a.
792 2731 851 2786 (ihr.
868 2732 957 2801 Livius
975 2731 1098 2797 XXVIII,
1115 2733 1149 2786 46
1167 2736 1262 2797 namet,
1281 2733 1341 2801 quia
1358 2734 1466 2802 pecunia

309 2814 344 2868 ad
364 2814 461 2868 bellum
484 2815 585 2880 deerat,
609 2818 664 2887 agri
683 2815 807 2885 Campani
829 2819 958 2887 regionem
977 2835 992 2870 a
1009 2819 1080 2872 fossa
1097 2819 1196 2874 Graeca
1218 2819 1253 2872 ad
1275 2835 1344 2872 mare
1366 2835 1466 2873 versam

308 2902 457 2969 quaestores
474 2900 630 2956 vendidisse.
649 2931 682 2940 -
701 2901 770 2969 qnod
786 2902 911 2956 undant.
947 2904 1014 2958 Olim
1032 2905 1101 2973 qood
1117 2905 1142 2958 ei
1159 2905 1277 2958 tenebant
1293 2904 1417 2958 edebatur
1434 2920 1467 2957 ex

309 2984 455 3040 Lauredani
478 2987 595 3057 ingenio,
614 2988 673 3056 quia
695 2987 795 3042 codices
818 2991 880 3042 tunc
903 2993 957 3045 noti
979 2992 1111 3047 habebant
1136 2992 1205 3061 qood
1220 2998 1247 3045 et
1264 2989 1392 3056 tenebant·
1418 3005 1466 3044 nos

308 3078 380 3129 certa
398 3075 550 3130 auctoritate
567 3091 709 3144 pronomen
730 3077 871 3131 omisimus.
895 3107 929 3117 -
952 3086 990 3132 eot
1007 3079 1155 3148 dilorqitos.
1183 3078 1213 3131 Id
1225 3077 1332 3131 verbum
1349 3091 1400 3129 uno
1417 3076 1466 3129 boc

309 3159 367 3214 loco
386 3156 474 3213 Cicero
492 3159 578 3224 habet,
598 3159 645 3214 sed
661 3162 797 3230 usurpavit
817 3166 940 3232 argentea
958 3168 1042 3230 aetas,
1064 3165 1135 3219 velut
1152 3164 1289 3218 Suetonius
1307 3163 1339 3216 de
1356 3161 1466 3215 Gaesare

307 3245 413 3300 consule
431 3261 452 3299 e.
473 3245 508 3299 20
527 3245 619 3300 Cetera
636 3247 711 3312 item,
733 3264 799 3316 qnae
817 3249 909 3317 eoique
927 3250 1071 3314 libuissent,
1095 3251 1234 3319 ditorqitns
1252 3256 1297 3302 est.
1332 3249 1370 3302 De
1387 3247 1466 3300 verbo

308 3331 464 3396 dimovendi,
485 3331 553 3400 quod
572 3332 648 3401 paulo
667 3335 728 3402 post
744 3333 879 3398 edidimus,
898 3333 930 3386 ci.
949 3334 983 3386 ad
1000 3333 1051 3388 Cic.
1069 3351 1095 3403 p.
1112 3335 1177 3387 Mur.
1195 3332 1237 3397 38,
1255 3333 1296 3387 82.
1321 3361 1355 3370 -
1380 3331 1468 3400 etqui

307 3416 336 3469 in
353 3414 442 3468 urbem
458 3415 510 3469 iter
521 3415 636 3484 factum.
671 3417 711 3469 Ex
728 3417 859 3472 codicibus
881 3421 926 3487 qui
948 3420 1060 3488 optimus
1077 3422 1118 3472 est
1135 3419 1213 3472 habet
1230 3425 1257 3472 et
1275 3434 1349 3488 qoem
1360 3418 1467 3488 pariter

306 3492 425 3565 faciunt,
443 3501 534 3570 reliqui
556 3506 583 3554 et
608 3518 681 3569 quem
702 3505 808 3572 pariter
834 3505 880 3572 qoa'
895 3505 1010 3574 socium.
1053 3505 1116 3559 Inde
1137 3505 1302 3559 Lauredanus
1320 3504 1425 3573 scripsit
1442 3509 1468 3556 et

307 3603 382 3657 quem
396 3605 448 3658 per
464 3589 515 3642 iter
532 3589 579 3658 qai
588 3589 698 3658 sociam
719 3593 760 3656 (ae
777 3593 815 3647 sic
832 3594 910 3647 etiam
927 3593 987 3646 libri
1005 3591 1106 3660 quidem
1123 3606 1183 3656 ms,
1201 3591 1248 3644 sed
1265 3590 1404 3644 deteriores
1421 3589 1466 3642 ba-

308 3674 370 3727 bere
388 3673 527 3740 dicuntm),
545 3676 613 3744 quod
630 3681 761 3746 receptum
773 3681 813 3731 est
830 3679 863 3731 ab
881 3677 999 3732 omnibus
1016 3675 1166 3739 editoribus,
1184 3674 1234 3726 nisi
1251 3673 1319 3741 quod
1336 3673 1465 3727 Manutius

310 3759 390 3812 etiam
409 3766 436 3813 et
450 3775 524 3829 quern
536 3759 643 3829 pariter
659 3761 710 3814 iter
726 3762 773 3831 qai
782 3761 894 3830 facium
908 3762 1101 3818 commendarit.
1131 3759 1216 3828 Atque
1233 3759 1282 3812 boe
1300 3758 1403 3826 quidem
1421 3758 1465 3812 ab·

307 3843 413 3898 surdum
431 3849 485 3911 est;
502 3846 559 3914 quis
578 3847 646 3899 enim
669 3850 789 3900 externos
806 3846 935 3916 homines,
959 3851 1002 3921 qni
1019 3851 1069 3904 iter
1088 3846 1191 3916 aliquod
1213 3847 1323 3910 iaciant,
1346 3844 1379 3898 de
1402 3860 1463 3913 agro

306 3930 438 4001 campano
457 3932 545 3986 andire
566 3933 653 3986 dicat?
692 3933 760 3986 lllud
782 3937 888 4002 propter
911 3938 1035 3990 rationem
1059 3933 1250 4005 grammaticam
1273 3933 1393 3984 vitiosum
1411 3932 1463 3994 est3

306 4034 367 4070 nam
384 4019 604 4087 praepositionem
621 4035 673 4089 per
695 4019 856 4072 substantivo
874 4022 1008 4088 postponi,
1025 4022 1076 4074 nisi
1099 4018 1168 4088 apud
1191 4020 1294 4085 poetas,
1321 4016 1463 4068 inauditnm

307 4108 354 4158 est
382 4104 521 4159 Commune
539 4108 626 4159 autem
643 4106 745 4174 utrique
760 4105 850 4158 harum
868 4105 1005 4159 lectionum
1017 4110 1065 4171 est,
1083 4106 1152 4175 quod
1164 4105 1299 4158 relativum
1316 4117 1390 4170 qoem
1407 4116 1463 4153 oum

307 4191 486 4245 coniunctione
504 4198 531 4244 et
546 4191 678 4261 repetitur.
695 4191 799 4244 Ferrem
823 4191 906 4244 solum
923 4190 1058 4243 relativum
1080 4192 1162 4260 repeti
1185 4189 1310 4243 oratoriae
1333 4184 1471 4240 cuiusdam·

307 4275 481 4331 abundantiae
499 4292 588 4340 causa3
615 4277 757 4346 simplicem
779 4277 882 4345 quidem
906 4278 1032 4330 rationem
1050 4290 1105 4329 ease
1128 4277 1203 4330 video
1225 4278 1291 4330 hanc
1309 4280 1335 4326 et
1356 4272 1402 4340 qni
1413 4286 1465 4340 per

307 4378 365 4415 eam
383 4362 433 4414 iter
444 4362 561 4430 fociant,
578 4365 607 4415 ut
624 4362 753 4415 obiectum
770 4379 803 4416 ex
820 4379 859 4426 eo,
876 4360 945 4430 quod
965 4359 1108 4429 praecedit,
1131 4361 1237 4414 relativo
1259 4357 1431 4426 intelligatur,
1450 4372 1464 4406 a

308 4463 359 4518 qua
378 4447 479 4501 ratione
503 4464 548 4502 cur
570 4444 702 4501 recederet
719 4446 825 4501 (liceret
859 4448 1048 4516 Repetitionem
1070 4460 1131 4499 vero
1155 4445 1256 4498 relativi
1279 4461 1336 4498 cum
1359 4442 1464 4495 coniun-

308 4535 393 4587 ctione
410 4534 461 4586 nisi
479 4535 524 4588 ubi
543 4535 598 4604 agri
615 4532 752 4587 diversitas
769 4533 896 4587 indicetur
914 4538 989 4602 atque
1007 4533 1072 4586 alius
1091 4531 1192 4585 dicatur
1208 4545 1266 4584 esse
1283 4529 1372 4599 populi
1383 4528 1465 4590 Rom,

309 4621 374 4674 alius
393 4621 519 4687 audiatur,
537 4623 623 4677 locum
643 4620 738 4675 babere
762 4636 813 4674 non
834 4638 913 4691 posse
933 4619 1026 4674 iudico,
1062 4619 1147 4683 Quare
1164 4616 1255 4670 vitium
1280 4616 1308 4666 in
1329 4615 1387 4683 ipso
1408 4612 1465 4674 hoc,

309 4706 378 4775 quod
395 4722 531 4776 perperam
547 4707 681 4777 repetitur,
698 4702 805 4760 relativo
816 4704 903 4761 inesse
920 4708 1014 4768 statuo,
1032 4702 1184 4775 praesertim
1195 4714 1253 4755 oum
1270 4696 1421 4771 saepissime
1437 4694 1465 4751 in
