3550 5492
790 575 981 635 ..9-

306 726 355 789 bit
375 723 459 788 enim
482 724 563 808 qued
578 724 731 789 videbitur
745 725 904 810 publicum
925 726 1077 804 iudicare,
1100 727 1181 810 qued
1202 726 1369 792 iudicarint
1389 748 1464 801 ven-

306 828 388 909 dere.
421 827 524 908 Etiam
546 827 634 910 illud,
657 829 738 913 quod
753 829 892 894 hemines
908 831 1006 895 saneti
1029 850 1091 894 nen
1105 831 1228 912 facient,
1251 836 1287 895 ut
1300 831 1464 915 pecuniam
1495 897 1500 910 ,

307 932 469 1017 accipiant,
491 951 531 994 ne
546 931 691 1013 vendant,
714 937 818 997 tamen
838 931 871 996 id
886 933 925 998 iis
940 933 1042 1018 ipsum
1056 954 1111 1018 per
1125 933 1224 1015 legem
1238 933 1352 998 licebit.
1381 933 1463 995 Hine

309 1056 362 1100 vos
378 1053 460 1119 quas
482 1033 698 1118 spoliationes,
712 1055 789 1118 quas
804 1035 972 1119 pactiones,
995 1056 1088 1120 quam
1110 1033 1243 1120 denique
1263 1036 1298 1100 in
1319 1035 1462 1101 omnibus

306 1138 381 1204 loeis
404 1134 662 1219 nundinationem
683 1135 761 1199 iuris
783 1157 818 1200 ac
839 1137 1032 1201 fertimarum
1054 1137 1116 1200 lere
1137 1136 1274 1221 putatis?

304 1318 306 1323 .
338 1322 340 1328 ,
393 1253 518 1320 Etenim
551 1254 633 1336 qued
659 1255 814 1339 superiore
836 1261 923 1339 parte
954 1256 1030 1338 legis
1052 1255 1249 1341 praefinitum
1278 1258 1347 1339 fuit,
1371 1258 1463 1322 Sella
1474 1267 1506 1320 10

309 1373 338 1424 et
358 1361 508 1443 Pompeio
530 1359 714 1430 censalibus,
737 1358 771 1421 id
793 1379 899 1424 rursus
920 1360 1053 1424 liberum
1074 1361 1295 1445 infinitumque
1316 1363 1462 1427 fecerunt.

306 1465 398 1528 lubet
434 1461 554 1528 eosdem
582 1461 693 1525 Xviros
724 1462 867 1526 omnibus
893 1464 974 1546 agris
1006 1464 1138 1548 publicis
1164 1465 1333 1549 pergrande
1369 1465 1509 1546 recti-IV

308 1568 359 1652 gal
381 1568 551 1651 imponere,
580 1571 616 1629 ut
643 1565 737 1630 iidem
761 1568 882 1651 possint
902 1568 1032 1632 liberare
1055 1590 1142 1651 agros
1170 1590 1245 1652 ques
1271 1569 1465 1633 commodum

308 1670 350 1734 sit
372 1674 404 1734 et
424 1687 500 1753 quos
522 1667 598 1752 ipsis
624 1667 719 1731 libeat
739 1668 909 1753 publicare.
959 1670 1025 1745 Quo
1052 1671 1086 1734 in
1114 1671 1227 1735 iudicio
1249 1671 1381 1756 perspici
1403 1693 1464 1736 nen

307 1777 419 1858 potest,
442 1777 548 1835 utrum
563 1772 710 1852 severitas
724 1773 861 1836 acerbior
878 1795 919 1836 an
935 1774 1108 1856 benignitas
1131 1775 1340 1857 quaestuosior
1353 1775 1466 1838 lutura

309 1876 359 1939 sit.
409 1873 490 1938 Sunt
518 1879 621 1937 tamen
649 1874 683 1937 in
704 1879 769 1938 teta
796 1876 863 1958 lege
891 1877 1082 1961 exceptiones
1105 1877 1203 1959 duae,
1226 1898 1288 1942 nen
1310 1883 1375 1942 tarn
1404 1878 1465 1941 ini-

309 1999 388 2063 quae
421 1998 513 2075 quam
547 1978 743 2063 suspiciosae.
791 1980 916 2064 Excipit
944 1980 1084 2044 enimin
1112 1981 1254 2064 vectigali
1282 1981 1465 2066 imponendo

311 2102 420 2166 agrum
443 2083 617 2147 censorium
639 2083 842 2165 Siciliensem,
865 2084 899 2147 in
921 2085 1089 2149 vendendis
1117 2067 1200 2168 agris
1230 2106 1281 2149 ees
1303 2105 1406 2168 agros,
1430 2085 1467 2148 de

310 2187 424 2271 quibus
447 2171 572 2250 cautum
594 2185 636 2248 sit
649 2185 777 2250 loedere.
814 2186 857 2249 Hi
879 2187 1010 2251 suntin
1031 2187 1145 2269 Africa,
1168 2188 1223 2270 qui
1237 2187 1467 2272 ab⁴Hiempsale

309 2289 516 2377 possidentur.
571 2290 632 2353 Hic
661 2310 788 2373 quaero:
825 2290 852 2354 si
882 2288 1055 2375 Hiempsali
1083 2291 1159 2355 satis
1181 2297 1229 2354 est
1257 2297 1383 2355 cautum
1404 2292 1508 2354 fec-ll

400 2499 433 2538 10.
446 2499 506 2539 Iubet
517 2500 574 2538 euim
587 2501 676 2538 sordem
689 2519 713 2526 -
725 2500 809 2548 possim
822 2503 842 2538 et
855 2498 957 2538 liberere.
966 2519 991 2530 -
1000 2501 1028 2539 sit
1036 2502 1126 2546 sature.
1139 2519 1165 2528 -
1178 2494 1256 2549 ciprum
1270 2500 1466 2540 Recentoricum.-

403 2663 443 2715 10.
462 2663 594 2731 superiore
609 2669 687 2731 porte
705 2663 776 2730 lepis.
812 2661 892 2714 Periit
909 2662 937 2714 id
954 2665 1031 2730 caput
1048 2664 1074 2714 in
1092 2662 1140 2714 hac
1157 2663 1258 2730 quidem
1276 2665 1406 2729 oratione,
1423 2663 1469 2716 sed

311 2749 440 2818 reperitur
456 2750 484 2800 in
502 2752 567 2801 orat.
584 2747 616 2810 Il,
636 2748 676 2810 15,
694 2746 736 2800 38.
772 2747 846 2810 Quod
864 2749 949 2800 autem
968 2749 1005 2800 ait
1022 2747 1129 2800 liberum
1152 2749 1327 2815 infinitumque
1339 2748 1468 2816 fecerent,

312 2836 417 2888 brevius
435 2837 499 2886 orat.
517 2833 549 2896 Π,
567 2833 609 2896 21,
627 2833 660 2886 56
679 2832 742 2884 dicit
758 2834 859 2900 infinite
877 2849 909 2884 ee
928 2840 1046 2901 tempore.
1086 2833 1127 2884 Ad
1152 2849 1210 2886 eum
1227 2834 1311 2886 lecum
1330 2833 1470 2901 disputari·

311 2937 369 2975 mus
387 2921 419 2974 de
437 2920 542 2987 reliquis
560 2920 645 2982 rebus
662 2935 726 2987 quae
743 2919 786 2971 hic
803 2922 1047 2989 commemorantur,
1066 2919 1097 2971 de
1115 2919 1240 2988 vectigali¹
1251 2918 1419 2987 imponendo,
1437 2917 1468 2970 de

311 3008 391 3060 verbo
414 3005 561 3070 liberandi,¹
576 3004 684 3073 denique
703 3004 734 3056 de
758 3021 819 3073 agre
842 3006 960 3058 censorie
984 3003 1087 3058 Siciliae
1105 3007 1175 3068 (nam
1197 3006 1234 3058 sic
1256 3006 1297 3057 hie
1319 3020 1420 3073 queque
1438 3004 1469 3056 de

311 3095 459 3163 coniectura
476 3092 644 3161 scripsimus),
663 3090 694 3143 de
713 3091 781 3159 agris
799 3093 866 3158 regis
876 3091 1039 3160 Hiempsalis.
1051 3073 1088 3129 ²-
1100 3093 1225 3144 seeerites
1242 3090 1366 3144 asabim.
1393 3090 1470 3143 Seve-

311 3182 375 3233 ritas
394 3180 454 3242 erit,
471 3179 493 3230 si
510 3178 586 3230 Xviri
604 3193 679 3247 agros
696 3177 814 3246 publicos
831 3178 921 3247 populi
933 3179 1008 3232 Rem.
1029 3194 1087 3232 esse
1104 3178 1267 3242 iudicabunt,
1293 3194 1351 3231 cum
1367 3191 1470 3246 posses·

312 3267 415 3320 aeribus
426 3280 491 3319 cum
509 3279 602 3332 magna
620 3265 758 3317 acerbitate
776 3264 886 3333 vectigal
903 3263 967 3317 illud
985 3264 1126 3333 pergrande
1144 3265 1298 3333 imponetur,
1316 3264 1470 3333 benignitas,

314 3355 338 3407 si
356 3366 550 3420 egressorum,
569 3350 612 3417 qui
629 3351 768 3412 tenebunt,
789 3351 910 3418 proprios
927 3365 984 3403 esso
1003 3351 1100 3417 dicent,
1118 3366 1176 3403 cum
1193 3355 1292 3404 vetares
1309 3363 1470 3420 possessores

312 3438 405 3492 Xviris
428 3437 461 3489 ad
483 3436 534 3490 hoe
553 3437 593 3488 ius
616 3425 781 3489 dbtinendum
805 3451 912 3504 magnas
928 3437 1050 3504 pecunias
1072 3438 1258 3504 corrumpendi
1270 3452 1348 3489 causa
1366 3436 1470 3488 dabunt.

313 3524 423 3592 Oportet
440 3526 524 3576 autem
542 3537 599 3574 esse
611 3521 707 3588 future
724 3523 772 3584 sit,
795 3522 1040 3590 improbandumque
1059 3523 1127 3590 qued
1145 3523 1284 3575 deteriores
1301 3521 1357 3574 cod.
1375 3520 1471 3572 habent

313 3611 361 3674 sit,
386 3612 447 3679 quia
469 3608 593 3662 severitas
616 3609 643 3659 et
662 3608 808 3676 benignitas
831 3607 932 3675 perlata
955 3608 1056 3660 demum
1079 3609 1135 3676 lege
1158 3607 1211 3661 ulla
1234 3622 1290 3659 esse
1311 3606 1413 3673 poterit.
1437 3631 1469 3640 -

313 3696 473 3765 suspiciosae
490 3695 507 3746 i.
521 3710 543 3748 e.
561 3694 734 3762 suspicionem
752 3693 873 3757 afferunt,
891 3697 921 3746 ut
937 3693 1013 3747 Xviri
1029 3696 1139 3763 pecunia
1162 3694 1276 3760 corrupti
1293 3706 1350 3744 esse
1368 3690 1470 3742 videan-

315 3786 367 3835 tur.
396 3780 426 3834 Id
444 3785 471 3834 et
488 3783 552 3834 orat.
569 3780 616 3845 lle
629 3781 698 3834 etet
710 3779 744 3833 58
756 3780 872 3848 pluribus
890 3781 1024 3848 exequitur
1041 3782 1067 3832 et
1083 3779 1160 3847 paulo
1178 3772 1239 3846 pest
1252 3770 1385 3846 ‘significat
1405 3776 1471 3827 duas

316 3884 410 3921 causes
429 3865 532 3920 inerte
551 3875 680 3920 terrorum
697 3873 822 3935 repertos,
840 3865 930 3933 quitus
947 3865 1032 3934 protis
1045 3871 1176 3933 parceret.

388 3972 428 4025 11.
447 3973 511 4039 qaid
531 3972 624 4024 staret
645 3972 738 4040 accpi.
774 3970 847 4034 Quod
870 3970 953 4023 adhuc
971 3970 1067 4023 editum
1085 3971 1125 4021 est
1143 3968 1207 4035 quid
1225 3968 1361 4020 creauerit
1379 3966 1472 4035 excipi,

303 4060 496 4112 emendatione
520 4058 681 4110 librariorum
704 4059 794 4110 natum
816 4073 873 4110 esse
896 4057 1009 4110 ostendit
1030 4054 1146 4108 codicum
1170 4055 1303 4109 meliorum
1324 4068 1473 4107 censensus.

315 4133 436 4199 iterabat
454 4161 507 4208 ees,
526 4143 594 4213 qued
612 4144 775 4197 coniunctivo
788 4157 853 4212 opus
869 4157 925 4196 esse
937 4141 1073 4211 putabant,
1091 4141 1202 4194 fortasse
1220 4141 1305 4206 etiam,
1317 4140 1386 4208 quod
1404 4139 1473 4192 dein·

316 4247 379 4301 ceps
391 4238 470 4301 patet
486 4231 633 4298 legebatur,
650 4232 691 4284 cui
709 4231 779 4298 prius
797 4231 902 4283 verbum
921 4227 1058 4282 assimilari
1076 4227 1205 4281 velebant.
1241 4227 1276 4280 At
1293 4228 1394 4280 constat
1412 4242 1473 4279 nen·

316 4333 447 4387 nunquam
466 4333 513 4386 pro
525 4317 650 4370 indirecta
666 4317 866 4385 interrogatione
884 4316 946 4382 poni
963 4330 1028 4378 eam,
1046 4331 1111 4383 quae
1127 4331 1178 4368 nen
1189 4316 1367 4383 subiungatur,
1385 4329 1474 4366 rerum

316 4408 418 4458 tantum
435 4406 595 4458 extrinsecus
613 4404 686 4471 quasi
708 4403 818 4455 addatur
840 4401 1021 4469 simillimoque
1044 4417 1077 4454 ex
1095 4391 1188 4470 genere
1205 4404 1246 4454 est
1262 4418 1287 4469 p.
1305 4400 1361 4468 Lig.
1379 4398 1408 4462 8,
1427 4396 1473 4452 24:
1584 4410 1586 4415 ·

316 4507 423 4560 quaere,
441 4491 505 4559 qaid
515 4490 621 4560 secturi
631 4480 742 4558 juratur
766 4489 854 4556 Itaque
872 4490 941 4540 certe
959 4487 1020 4540 ferri
1032 4490 1119 4556 petest
1131 4488 1231 4550 enicet,
1250 4502 1280 4538 ac
1297 4485 1373 4538 facile
1390 4500 1475 4537 emen-

317 4579 395 4632 datur
409 4585 496 4646 putet.
531 4577 620 4645 Neque
637 4578 719 4641 enim,
743 4575 766 4628 si
781 4575 853 4642 prius
870 4575 1012 4628 membmm
1032 4565 1152 4629 liberiore
1168 4567 1268 4627 'ratione
1286 4571 1414 4635 adiunxit,
1437 4571 1474 4621 fa·

317 4663 445 4728 dandum,
462 4662 492 4718 iit
511 4665 618 4718 alterum
636 4679 693 4717 cum
711 4662 856 4716 astrictiore
872 4661 1010 4716 serentate
1028 4661 1192 4714 subiunxissa
1209 4659 1335 4712 rideatur.
1352 4685 1386 4694 -
1404 4671 1474 4708 eem-
