3550 5492
820 621 861 634 ..
905 561 1031 653 42'..

348 750 429 835 qund
450 751 543 844 habet
563 755 737 835 susceptum
760 751 937 844 consulatus
959 772 1031 816 cum
1053 753 1229 835 tribunatu,
1257 754 1331 839 quia
1356 730 1498 843 persaepe

348 853 500 918 seditiosis
523 858 614 936 atque
641 853 787 939 improbis
816 853 950 919 tribunis
972 853 1069 939 plebis
1100 853 1172 919 boni
1194 860 1225 920 et
1246 856 1340 921 sortes
1363 858 1500 924 consules

348 955 548 1036 obstiterunt,
578 961 609 1018 et
636 954 709 1038 quia
730 955 779 1019 vis
802 955 968 1021 tribunicia
995 978 1218 1043 nonnunquam
1244 957 1370 1024 libidini
1392 962 1502 1026 restitit

347 1055 514 1122 consulari:
537 1079 599 1124 uon
614 1064 800 1145 potestatum
822 1059 1053 1145 dissimilitudo,
1076 1063 1129 1127 sed
1144 1064 1318 1129 animorum
1339 1063 1501 1132 disiunctio

305 1174 336 1228 15
347 1165 568 1233 dissensionem
590 1163 672 1227 iacit.
717 1164 823 1249 Itaque
846 1162 903 1230 hoc
925 1164 1028 1232 animo
1057 1166 1157 1250 legem
1183 1168 1302 1252 sumpsi
1323 1167 1360 1232 in
1380 1190 1501 1254 manus,

345 1277 381 1335 nt
403 1291 469 1333 eam
492 1287 634 1352 cuperem
650 1286 715 1329 csse
737 1270 841 1351 aptam
856 1267 966 1332 vestris
990 1269 1155 1335 commodis
1178 1275 1209 1335 ct
1225 1268 1387 1354 eiusmodi,
1413 1293 1501 1359 quam

345 1374 450 1440 consul
467 1393 515 1454 re,
542 1393 604 1436 non
626 1369 761 1435 oratione
783 1370 940 1456 popularis
969 1376 999 1435 et
1027 1370 1155 1437 honeste
1183 1377 1214 1437 et
1239 1373 1373 1440 libenter
1402 1381 1502 1463 posset

345 1478 515 1544 defendere.
559 1475 662 1561 Atque
685 1494 740 1557 ego
762 1495 781 1538 a
802 1474 902 1559 primo
924 1474 1023 1560 capite
1044 1475 1121 1562 legis
1142 1497 1239 1564 usque
1262 1477 1302 1544 ad
1329 1484 1500 1547 extremum

431 1635 463 1675 15.
476 1626 543 1684 Atqui
553 1642 596 1684 eno.

313 1744 318 1754 ’
342 1757 459 1825 putabat,
477 1753 630 1808 emendabat
653 1754 699 1807 sed
719 1754 782 1822 quin
795 1769 931 1823 persaepe.
950 1781 981 1790 -
1006 1769 1086 1821 neque
1108 1754 1192 1808 studio
1215 1770 1294 1824 neque
1317 1756 1376 1810 odio
1396 1761 1498 1828 penitus

342 1844 428 1896 insito.
464 1841 616 1894 Praeclarus
633 1842 675 1892 est
691 1840 763 1894 loeus
782 1839 814 1893 ad
831 1839 1025 1908 intelligendam
1043 1840 1100 1894 cod.
1111 1840 1200 1909 Lagi
1218 1841 1348 1906 virtutem,
1367 1858 1421 1912 qua
1439 1861 1497 1915 quae

342 1944 471 1997 nunquam
498 1930 558 1980 ante
580 1927 730 1996 cuitrsquam
752 1927 900 1995 interpretis
918 1927 1082 1981 offensionem
1100 1930 1244 1992 moverant,
1267 1929 1304 1983 ita
1320 1932 1498 1998 restituuntur,

343 2019 372 2068 ut
390 2014 461 2067 nulla
478 2014 603 2067 dubitatio
617 2014 783 2081 relinquatur.
811 2013 876 2066 Olim
890 2014 958 2066 enim
976 2030 1008 2068 ex
1026 2014 1144 2068 omnibus
1162 2013 1218 2067 cod.
1231 2015 1268 2067 sic
1285 2015 1425 2070 edebatur:
1443 2018 1498 2072 Non

342 2101 409 2156 enim
427 2107 524 2152 notura
541 2115 621 2167 neque
640 2099 749 2153 discidio
768 2115 847 2168 neque
870 2100 930 2153 odio
943 2101 1049 2170 pertitus
1067 2101 1158 2164 insito,
1175 2101 1208 2153 vin
1232 2101 1323 2169 quibus
1342 2100 1498 2171 cogebantur

341 2192 471 2254 tamquam
482 2185 617 2254 quoddam
635 2185 661 2238 ἓν
680 2184 721 2238 διὰ
738 2184 808 2237 δυοῖν
821 2188 942 2251 statuere,
960 2189 989 2239 ut
1004 2187 1120 2239 naturale
1137 2186 1272 2240 discidium
1291 2187 1438 2256 efficerent3
1457 2206 1498 2244 nec

341 2278 426 2346 tamen
449 2273 534 2340 ipsum
557 2271 658 2325 discidii
679 2271 915 2326 uocabulum‘satis
932 2273 1062 2342 explicare
1084 2277 1227 2343 poterant,¹
1240 2274 1308 2342 quod
1330 2292 1379 2343 pre
1402 2279 1497 2347 origine

341 2376 389 2414 sua
405 2359 456 2411 nisi
472 2358 499 2410 in
523 2374 609 2411 earum
632 2375 730 2423 rerum,
752 2375 818 2427 quae
840 2358 977 2428 aliquando
1001 2361 1151 2414 conirmctae
1173 2361 1290 2424 luerunt,
1316 2361 1497 2418 dissociatione

341 2446 460 2513 usurpari
477 2459 528 2497 non
545 2445 640 2512 potest.
676 2443 759 2507 Quare
777 2443 846 2512 apud
863 2459 921 2509 eos,
946 2445 989 2512 qui
1007 2460 1058 2497 nou
1076 2459 1168 2497 sonum
1190 2446 1280 2510 modo,
1303 2461 1394 2500 verum
1417 2450 1496 2520 ipsam

341 2534 494 2586 sententiam
512 2534 638 2596 curarent,
657 2531 783 2584 dubitatio
802 2531 927 2599 quaedam
945 2532 1057 2585 existere
1074 2531 1174 2596 debuit,
1193 2547 1269 2601 quam
1287 2533 1393 2587 sustulit
1407 2535 1496 2600 cedat,

341 2620 383 2687 qui
401 2620 486 2672 studio
504 2619 615 2672 exhibet.
656 2619 731 2672 Nunc
748 2620 815 2672 inter
832 2635 860 2672 se
878 2619 1035 2688 respondent
1051 2618 1118 2672 duae
1134 2619 1183 2672 hae
1201 2621 1343 2673 sententiae
1361 2639 1415 2674 non
1433 2623 1496 2675 enim

339 2713 436 2758 nutura
453 2706 544 2760 heliam
556 2705 632 2759 babet
648 2705 796 2758 consulatus
815 2722 872 2758 enin
891 2705 1023 2759 tribunatu
1035 2708 1062 2758 et
1073 2722 1124 2758 nnn
1138 2712 1297 2775 potestatum
1314 2706 1496 2761 dissimilitudo

339 2792 522 2846 dissensionem
534 2792 613 2860 feeit.
636 2791 703 2844 Hlud
716 2795 802 2845 autem
820 2791 937 2845 naturale
955 2791 1059 2856 bellum,
1077 2791 1146 2859 quod
1164 2806 1221 2845 esse
1237 2791 1346 2844 fortasse
1371 2793 1496 2863 quispiam

339 2880 482 2944 existimet,
504 2867 640 2947 dupliciter
663 2877 797 2943 diriditur3
824 2879 919 2932 etenim
943 2885 987 2931 aut
1008 2878 1093 2931 studio
1113 2878 1220 2946 penitus
1242 2878 1320 2930 insito
1343 2878 1497 2934 existit‘aut

339 2967 397 3019 odio
411 2967 518 3036 penitus
536 2965 621 3019 insito.
662 2964 729 3017 Nam
746 2964 802 3017 sia
825 2968 917 3017 natura
935 2967 1011 3032 atque
1029 2964 1062 3017 ab
1079 2964 1136 3032 ipsa
1153 2964 1252 3032 origine
1274 2964 1323 3016 hoc
1343 2979 1401 3017 esse
1426 2981 1496 3034 opor·

338 3056 405 3105 teret
422 3052 535 3105 studium
553 3050 711 3115 consulatus,
728 3052 757 3102 ut
774 3048 877 3117 plebem
890 3051 1054 3118 opprimeret,
1072 3050 1218 3102 tribunatus
1237 3052 1330 3114 autern,
1348 3052 1378 3102 ut
1395 3049 1496 3118 plebem

338 3137 447 3201 efferret,
465 3138 560 3190 bellum
577 3139 730 3206 perpetuum
748 3139 910 3200 nasceretnr;
932 3137 1042 3202 itemque
1060 3135 1083 3188 si
1107 3135 1193 3187 odium
1215 3135 1341 3188 eiusmodi
1362 3141 1449 3204 esset,
1469 3143 1495 3191 ut

338 3225 488 3278 consulatus
507 3241 553 3293 per
569 3224 737 3287 tribunatum,
754 3223 901 3275 tribunatus
918 3230 966 3289 per
982 3221 1142 3274 consulatum
1160 3236 1211 3274 non
1229 3222 1314 3274 omnia
1330 3237 1410 3289 posse
1428 3225 1494 3278 vide·

338 3314 416 3363 retur.
439 3292 491 3364 Sed
500 3312 577 3379 negat
585 3310 634 3362 hoc
644 3304 741 3372 Cicero,
760 3311 786 3360 et
795 3308 943 3361 oonsulibus
956 3310 982 3359 et
993 3307 1102 3360 tribunis
1120 3307 1229 3361 salutem
1246 3308 1377 3377 publicam
1390 3312 1429 3364 ait
1441 3326 1494 3366 esse

338 3397 506 3464 propositam,
524 3397 610 3464 itaque
628 3396 650 3447 si
667 3410 717 3462 qua
735 3396 804 3446 essct
817 3394 962 3457 disiunctio,
981 3410 1056 3463 quam
1068 3409 1192 3462 persaepe
1210 3394 1288 3448 luisse
1300 3396 1430 3462 concedit,
1441 3413 1493 3452 eam

339 3482 370 3534 ab
388 3482 543 3546 hominibus,
561 3482 648 3550 quiet
666 3472 826 3534 consulatum
844 3484 871 3534 et
888 3482 1047 3534 tribunatum
1064 3484 1194 3550 gererent,
1216 3482 1357 3549 prolectam
1375 3498 1444 3538 esse.
1462 3508 1492 3523 -·

338 3567 490 3622 obstiterunt
506 3596 539 3607 —
557 3566 661 3621 restitit.
696 3567 802 3620 Duobus
821 3568 905 3621 verbis
924 3584 989 3636 opus
1007 3568 1063 3621 sirit.
1098 3569 1165 3621 Nam
1186 3569 1254 3637 quod
1271 3569 1387 3634 interest,
1404 3586 1493 3637 parum

308 3708 314 3716 ‚
338 3653 370 3705 ad
388 3653 441 3707 'rem
458 3655 578 3724 pertinet.
619 3654 749 3706 Resistere
772 3654 874 3722 quidem
898 3655 956 3723 plus
980 3658 1020 3707 est
1037 3671 1114 3723 quam
1132 3656 1271 3720 obsistere;
1295 3653 1396 3707 obsistit
1417 3657 1492 3710 etiam

336 3741 398 3794 nihil
415 3757 502 3809 agens,
519 3741 625 3803 resistit,
643 3741 687 3808 qni
705 3743 795 3794 contra
812 3741 873 3810 agit.

424 3827 464 3881 15.
481 3825 574 3896 Atque.
608 3826 697 3895 Pergit
714 3826 740 3878 in
758 3828 952 3882 ratiocinatione
965 3830 1102 3897 suscepta,
1131 3828 1243 3896 quidex
1265 3828 1322 3897 lege
1340 3829 1452 3883 Seruilia
1465 3830 1492 3882 iu

335 3929 427 3967 manus
446 3915 732 3990 sumptacousccutum
751 3916 786 3967 sit
798 3931 914 3980 narrans,
932 3931 983 3968 non
1001 3915 1080 3979 addit,
1093 3913 1161 3982 quod
1173 3915 1318 3982 oppositum
1337 3916 1372 3968 sit
1389 3917 1493 3970 iustam-

335 4016 384 4068 que
401 3999 533 4053 hominum
551 4016 623 4069 spem
640 4001 760 4069 decipiat.
794 4002 877 4066 Quare
895 4003 989 4055 rectius
1008 4003 1049 4055 est
1065 4008 1142 4070 atque
1155 4017 1230 4069 quam
1244 4001 1313 4068 quod
1326 4002 1492 4057 Lauredanns

335 4086 439 4153 scripsit
456 4086 536 4153 atqui.
573 4085 694 4141 Codicum
712 4088 814 4157 quidem
832 4090 971 4142 auctoritas
989 4089 1016 4141 in
1034 4089 1082 4141 bac
1100 4103 1127 4141 re
1145 4103 1196 4142 non
1215 4087 1324 4141 multum
1342 4088 1424 4153 valet,
1448 4088 1493 4142 sed

336 4169 456 4239 quicquid
474 4170 551 4235 valet,
569 4188 616 4240 pro
634 4190 673 4238 ea,
692 4190 767 4242 quam
785 4176 942 4244 recepimus,
965 4175 1075 4228 lectione
1092 4179 1198 4242 pugnat.
1233 4172 1315 4226 Paulo
1339 4176 1401 4241 post
1423 4175 1492 4243 qued

279 4246 283 4253 ’
333 4259 440 4325 propter
463 4256 579 4310 codicum
601 4261 725 4314 rationem
743 4261 863 4314 eiecimus
886 4261 954 4314 nibit
976 4260 1052 4313 uliud
1076 4261 1229 4329 capitutum,
1258 4258 1402 4326 asyndeton
1424 4259 1492 4328 qued

333 4342 492 4410 relinquitur,
510 4344 637 4398 alacritati
649 4363 679 4399 ac
688 4348 810 4414 gravitati
819 4349 942 4401 orationis
956 4347 1052 4415 optime
1061 4346 1163 4399 videtur
1170 4347 1312 4400 conuenire.
1330 4373 1364 4382 -
1378 4347 1492 4414 pulchro

334 4445 391 4483 cnm
404 4430 567 4486 simulatione
580 4433 681 4498 dicitur,
699 4437 729 4486 ut
741 4434 792 4487 fere
805 4435 873 4502 apud
884 4433 1041 4499 Ciceronem,
1059 4433 1104 4487 ubi
1117 4450 1132 4486 a
1149 4433 1234 4502 specie
1252 4432 1285 4485 ad
1297 4432 1350 4483 vim
1361 4422 1492 4486 naturam·

333 4532 383 4585 que
400 4515 548 4571 traducitur.
575 4518 613 4571 of.
631 4536 656 4588 p.
676 4521 739 4573 Mur.
760 4521 800 4585 12,
818 4521 859 4574 26.
897 4520 1048 4575 Condonnre
1066 4524 1106 4573 est
1122 4520 1180 4588 plus
1199 4534 1275 4586 quam
1293 4517 1399 4581 donare,
1416 4520 1492 4587 qnasi
1526 4545 1529 4554 ·

261 4621 268 4632 ³
334 4605 415 4655 totam
433 4603 543 4672 aliquam
562 4620 615 4658 rem
633 4608 708 4674 atque
725 4606 762 4658 ita
779 4600 888 4672 donare,
902 4609 931 4658 ut
942 4598 1075 4677 'quomodo
1092 4606 1149 4674 quis
1165 4605 1230 4657 velit
1246 4606 1341 4657 utatrn.
1367 4603 1493 4658 (ti-inira

333 4689 348 4758 t
365 4687 400 4743 39
412 4690 544 4760 permissa
562 4699 588 4748 et
603 4692 756 4747 condonate.
792 4691 834 4748 De
852 4693 930 4748 eatis
946 4692 1089 4747 inminens
1107 4692 1217 4747 diximus
1239 4707 1317 4759 supra
1335 4690 1368 4743 ad
1385 4692 1447 4756 §e'
1457 4719 1492 4733 -
