3550 5492
711 592 924 655 ..75-

230 751 406 836 quodiam
427 757 579 818 statutum
602 753 731 818 anobis
753 760 801 819 est
823 760 853 818 ct
875 756 1055 840 iudicatum,
1079 780 1172 843 quam
1194 758 1396 825 hereditatem

229 855 302 920 iam
324 855 493 940 crevimus)
514 877 645 939 regnum
667 857 853 940 Bithyniae?
881 861 963 944 quod
991 867 1071 926 certe
1092 863 1251 947 publicum
1274 870 1320 928 est
1341 884 1395 949 po·

229 960 305 1046 puli
327 959 459 1024 Ramm
487 962 619 1025 factum:
652 961 807 1044 numquid
834 985 944 1029 causae
967 972 1030 1046 cst,
1059 967 1136 1049 quin
1164 988 1270 1031 omnes
1298 987 1395 1048 agros,

229 1064 338 1147 urbes,
361 1068 480 1147 stagna,
502 1069 620 1149 portus,
647 1067 743 1128 totam
772 1064 904 1151 denique
926 1069 1107 1153 Bithyniam
1128 1069 1395 1160 Xviri'yendituri

323 1249 399 1297 potest,
412 1248 512 1294 quoniam
525 1249 632 1287 statatum.
645 1266 669 1278 -
684 1213 807 1295 iudicatam,
822 1250 922 1297 quoniam
935 1251 1081 1292 hereditatem.

230 1407 321 1473 video,
339 1424 385 1461 cur
401 1409 542 1478 genitivum
560 1409 637 1478 pretii
654 1410 713 1463 huic
730 1410 896 1464 existimandi
908 1410 1086 1465 verbodicere
1104 1428 1155 1466 non
1168 1413 1286 1467 videatur
1303 1415 1395 1468 addere

205 1532 213 1541 -
232 1495 363 1564 potuisse,
380 1509 438 1546 cum
455 1495 565 1562 putandi
583 1499 610 1547 et
627 1492 737 1548 ducendi
749 1498 775 1548 ct
793 1496 850 1548 aliis
867 1496 953 1549 verbis
966 1495 1052 1561 addat,
1075 1500 1151 1566 atque
1164 1498 1232 1566 apud
1242 1498 1317 1552 Gorn.
1329 1500 1394 1568 Nep.
1470 1490 1473 1494 ⁴

231 1580 293 1635 cat.
310 1580 361 1646 1,2
377 1581 473 1650 legitur
490 1579 596 1634 Catonia
617 1597 697 1650 opera
714 1583 804 1650 rnaqoa'
821 1583 970 1635 existimata
988 1589 1027 1635 eat
1044 1583 1072 1635 in
1085 1583 1187 1652 proelio
1206 1585 1279 1653 apud
1288 1584 1394 1656 uaccam.

230 1667 302 1723 Item
319 1666 402 1734 magis
424 1665 510 1735 placet
526 1666 551 1718 ei
573 1666 744 1719 condemnare
767 1665 860 1719 Asiam
882 1668 952 1720 volet
973 1683 1050 1735 quam
1073 1668 1140 1735 quod
1163 1669 1267 1736 quidam
1291 1671 1394 1724 codices

231 1752 377 1806 deteriores
393 1751 490 1804 habent
506 1752 531 1803 ci
547 1752 717 1805 condemnare
729 1781 763 1789 —
774 1753 851 1817 colet,
869 1754 920 1806 etsi
936 1755 964 1806 iu
982 1753 1084 1806 tantula
1094 1754 1237 1808 litterarum
1252 1757 1396 1810 differentia

188 1894 189 1901 ,
230 1849 328 1908 parum
346 1837 450 1891 omnino
466 1837 591 1891 librorum
609 1854 657 1892 ms.
675 1839 815 1892 auctoritas
833 1839 911 1893 ualet.
948 1838 1000 1892 Sed
1017 1840 1139 1909 quoniam
1156 1839 1251 1894 falsum
1269 1842 1340 1896 Rulli
1357 1844 1395 1895 iu·

231 1925 334 1980 dicium
350 1927 379 1979 in
395 1926 591 1981 condemnando
613 1927 726 1996 positum
750 1930 803 1990 est,
829 1928 911 1993 idem,
934 1928 1003 2000 quod
1021 1929 1049 1981 in
1075 1929 1160 1997 priore
1185 1929 1394 1998 interrogationis

229 2015 309 2082 parte
326 2012 384 2078 ruit,
401 2014 429 2066 iu
446 2014 527 2067 altera
543 2014 703 2068 referendum
721 2017 775 2068 est:
793 2015 864 2068 velut
879 2016 908 2068 in
925 2017 1064 2084 superioris
1082 2016 1291 2086 interrogationis
1309 2017 1394 2083 priore

233 2103 312 2168 parte
328 2102 377 2164 est,
397 2100 473 2154 facile
491 2101 596 2154 Rullum
614 2101 735 2170 quicquid
757 2102 832 2166 velit,
854 2102 1059 2171 disputaturum,
1081 2103 1109 2155 in
1127 2103 1221 2167 altera,
1243 2102 1318 2154 facile
1336 2117 1394 2155 eum

232 2185 308 2254 quod
325 2185 450 2254 disputet,
467 2186 562 2239 iudicio
576 2187 792 2251 confirmaturum,
809 2187 847 2240 ita
857 2188 885 2240 in
903 2187 978 2240 huius
990 2187 1199 2254 interrogationis
1217 2187 1302 2255 priore
1320 2189 1394 2254 parte

230 2275 284 2336 est,
303 2271 380 2324 facile
398 2287 457 2325 eum
474 2272 571 2340 impelli
588 2287 675 2340 posse,
693 2276 722 2325 ut
739 2271 828 2326 Asiam
853 2274 1019 2337 condemnet,
1036 2274 1064 2326 in
1082 2273 1174 2336 altera,
1194 2272 1216 2324 si
1234 2271 1394 2337 condemnet,

230 2372 294 2410 eum
312 2359 435 2425 quantam
452 2356 515 2409 velit
531 2357 667 2425 pecuniam
689 2361 862 2426 accepturum.
899 2357 953 2411 Nec
971 2360 994 2410 si
1015 2357 1085 2411 volet
1102 2357 1194 2410 Rullus
1215 2355 1394 2421 condemnare,

230 2443 251 2495 i.
268 2457 293 2496 e.
312 2443 335 2496 si
353 2441 510 2495 voluntatem
530 2441 717 2494 condemnandi
734 2458 796 2510 prae
814 2458 842 2495 se
860 2442 934 2506 feret,
957 2458 1009 2495 nou
1022 2442 1118 2511 poterit
1135 2446 1221 2494 tamen
1241 2443 1326 2511 ipsam
1350 2442 1394 2495 da·

229 2527 391 2582 montionem
408 2529 544 2586 remittere.
563 2557 596 2567 -
616 2528 687 2591 Quid
702 2558 736 2566 —
753 2545 861 2598 regnam
878 2530 1039 2599 Bithynice?
1063 2529 1134 2582 Haec
1155 2529 1347 2597 coniungenda,
1365 2533 1394 2582 ut

230 2613 312 2683 penio
335 2615 397 2682 post
418 2617 460 2668 est
478 2614 549 2676 Quid
565 2613 727 2683 Mytilenae?
746 2618 773 2667 et
797 2615 869 2678 uota
888 2615 1074 2669 Alexandria?
1098 2630 1214 2684 quaeqae
1237 2615 1394 2668 adiiciuntur

230 2699 353 2764 relativa,
376 2701 450 2768 quasi
467 2700 627 2768 parenthesis
650 2700 707 2754 loco
731 2701 880 2768 accipienda
901 2705 969 2754 sunt.
1006 2701 1072 2755 Nam
1094 2701 1164 2769 quod
1186 2702 1247 2754 olim
1270 2700 1393 2754 edebatur

230 2785 357 2853 quoniam
373 2793 513 2850 statutam,
531 2788 688 2840 correximus
712 2787 745 2840 de
763 2789 915 2841 auctoritate
934 2788 1029 2842 codicis
1048 2789 1139 2856 optimi
1157 2787 1226 2855 qaod
1241 2789 1295 2840 iam
1312 2795 1394 2840 stato·

230 2879 295 2935 tom,
313 2875 342 2926 ut
357 2873 410 2925 tria
425 2873 493 2926 inter
510 2888 537 2925 se
550 2874 681 2940 excipiant
692 2873 801 2927 relativa
818 2875 962 2944 eximiaque
980 2876 1103 2928 orationis
1115 2875 1275 2927 concinnitas
1287 2874 1392 2926 existat.

229 2957 285 3011 Sed
303 2957 372 3027 quod
389 2960 516 3028 estquod
532 2960 665 3028 disputari
681 2967 781 3024 contra,
799 2960 853 3014 noli
870 2968 964 3014 contro
975 2977 1022 3030 pro
1040 2961 1231 3030 praepositione
1248 2960 1393 3028 intelligere

228 3047 326 3114 (neque
343 3045 411 3098 enim
434 3044 503 3114 apud
521 3045 669 3101 ciceronem
687 3047 789 3113 quidem
807 3062 838 3099 ea
855 3048 1013 3116 praepositio
1036 3050 1063 3100 et
1085 3048 1157 3099 casui
1174 3047 1298 3115 postponi
1315 3049 1342 3099 et
1360 3048 1392 3100 ab

228 3146 261 3184 eo
278 3131 388 3184 verbum
403 3131 581 3185 iuteriieiendo
596 3134 683 3200 potest
700 3134 835 3201 separari),
852 3132 898 3186 sed
922 3133 1070 3186 adverbium
1093 3136 1145 3197 est,
1168 3140 1219 3202 quo
1243 3131 1393 3200 disputandi

227 3217 338 3271 verbum
361 3216 489 3270 definitur.
524 3217 590 3270 Nam
608 3221 637 3270 ut
655 3225 746 3272 conae
769 3219 855 3273 dicere
873 3223 899 3272 et
922 3227 1014 3273 roomo
1028 3235 1125 3289 ponere
1149 3219 1255 3282 dicitur,
1277 3233 1323 3270 cur
1340 3233 1392 3271 non

228 3310 324 3358 eontra
341 3305 475 3374 disputare
496 3305 649 3373 inversoque
667 3305 756 3358 ordine
773 3306 908 3375 disputare
926 3315 1017 3361 condo
1036 3308 1154 3361 dicatur?
1179 3306 1245 3359 Tum
1268 3311 1393 3358 statutam

227 3407 247 3441 a
265 3389 472 3458 aedesiutenge
490 3394 627 3454 asenath,
650 3406 730 3459 eaque
752 3391 784 3444 de
811 3406 890 3444 causa
910 3393 987 3463 longe
1010 3394 1106 3446 rectius
1128 3395 1167 3445 est
1190 3410 1208 3444 a
1225 3391 1297 3444 nobis
1316 3406 1392 3458 quam

227 3474 301 3545 quod
317 3477 402 3530 mium
418 3477 480 3530 boni
497 3477 599 3530 codices
617 3478 712 3531 habent
729 3496 748 3530 α
765 3478 848 3544 vobim
871 3495 930 3532 nam
953 3484 1056 3534 senatus
1074 3481 1207 3548 proprium
1229 3479 1280 3531 hoc
1297 3492 1391 3530 munus

227 3566 279 3626 est,
306 3566 338 3616 ut
354 3562 386 3615 de
404 3564 491 3631 regnis
514 3567 728 3633 externarumque
750 3566 883 3619 nationum
909 3567 986 3620 rebus
1013 3567 1140 3619 decernat.
1178 3563 1287 3617 Cernere
1306 3564 1391 3613 autem

226 3648 399 3715 hereditatem
417 3652 457 3702 est
475 3651 630 3703 constituere
647 3653 673 3703 te
685 3666 742 3704 esse
759 3652 879 3704 heredem
896 3652 974 3720 idque
985 3653 1054 3720 quod
1066 3653 1184 3704 relictum
1202 3652 1242 3701 est
1253 3650 1391 3716 postquam

227 3733 376 3802 inspexeris
394 3748 536 3802 operaeque
554 3736 665 3803 pretium
688 3751 745 3789 esse
766 3737 896 3790 inveneris
918 3738 1059 3805 possidere.
1093 3736 1179 3803 Atque
1201 3736 1240 3787 ita
1262 3732 1392 3786 acciderat

226 3820 255 3873 iu
278 3817 415 3886 Bithynia:
442 3834 520 3887 quam
542 3834 601 3872 cum
618 3819 771 3872 Nicomedes
794 3836 839 3873 rex
863 3836 930 3874 anno
950 3822 983 3875 74
1001 3838 1024 3873 a.
1044 3820 1101 3872 Chr.
1125 3820 1180 3871 sine
1202 3819 1278 3871 iustis
1301 3817 1391 3870 liberis
1484 3829 1488 3837 ·

226 3907 347 3958 mortuus
363 3905 460 3974 populo
478 3905 594 3958 Romano
612 3907 766 3958 testamento
784 3906 910 3976 legasset,
929 3911 1034 3960 senatus
1052 3905 1081 3958 L.
1099 3905 1171 3958 lunio
1191 3905 1294 3969 Silano,
1311 3903 1391 3956 Asiae

226 3989 385 4060 proconsuli,
402 3992 432 4042 ut
449 4007 555 4060 regnum
574 3992 601 4043 in
619 3993 768 4059 provinciae
785 3992 895 4046 formam
912 3993 1047 4060 redigeret,
1060 3991 1203 4044 mandarat.
1232 3991 1308 4056 Quod
1319 3993 1392 4042 ante·

226 4093 307 4147 quam
324 4091 431 4146 prorsus
448 4077 529 4141 fieret,
547 4078 614 4130 bello
631 4072 805 4133 Mithridatico
823 4079 935 4133 condato
954 4079 1078 4146 Bithynia
1094 4078 1121 4129 in
1139 4080 1271 4145 potestate
1289 4077 1339 4129 fuit
1356 4077 1391 4130 li·

226 4164 328 4218 Aurelii
346 4163 444 4229 (lottm,
461 4164 490 4218 L.
508 4164 618 4228 Luculli,
638 4164 747 4233 denique
765 4165 811 4218 (ln.
830 4166 960 4234 Pompeii,
982 4165 1027 4232 qui
1044 4165 1102 4232 ipso
1121 4165 1170 4216 boc
1193 4167 1321 4231 tempore,
1339 4177 1391 4230 quo

226 4251 319 4305 Cicero
336 4252 403 4305 hanc
421 4251 562 4304 orationem
580 4252 678 4317 habuit,
696 4254 807 4306 tenebat.
844 4252 893 4316 Qui
910 4255 1049 4320 postquam
1067 4266 1134 4304 anno
1154 4251 1185 4303 61
1206 4249 1326 4312 decessit,
1338 4251 1391 4316 pri·

224 4353 285 4391 mus
302 4351 386 4390 novae
403 4340 554 4408 provinciae
565 4341 703 4408 proconsul
720 4341 769 4392 fuit
787 4339 814 4392 O.
828 4339 947 4407 Papirius
960 4337 1051 4391 Oarbo.
1077 4337 1201 4391 Videmus
1219 4338 1301 4404 igitur
1313 4351 1389 4404 quam

224 4428 297 4478 recte
315 4423 405 4478 (licere
423 4425 449 4477 h.
467 4425 484 4479 l.
503 4425 650 4493 Bithyniam
668 4430 695 4477 et
711 4425 801 4494 populi
819 4426 929 4477 Romani
947 4440 1005 4478 csse
1023 4424 1092 4477 dicat
1110 4427 1136 4476 et
1152 4424 1314 4494 proiinciam
1331 4436 1390 4474 esse

224 4514 311 4580 neget.
331 4536 364 4549 -
383 4519 485 4581 stupco.
522 4513 566 4566 Sic
582 4514 658 4581 pauci
676 4514 780 4583 quidam
797 4514 899 4567 codices
918 4515 950 4567 ab
969 4514 1027 4566 aliis
1045 4512 1154 4566 adhibiti
1177 4511 1305 4573 scribunt3
1330 4523 1390 4561 nam

224 4600 310 4653 nostri
328 4614 417 4653 omnes
438 4601 535 4654 habent
556 4602 667 4666 stativa,
690 4601 758 4670 quod
781 4602 908 4655 sententia
932 4617 1018 4654 carere
1042 4614 1130 4653 omnes
1147 4594 1299 4649 concedunt.
1335 4595 1389 4646 lam

224 4691 321 4754 stugm
337 4691 449 4759 possunt
466 4704 523 4744 esse
541 4693 568 4743 et
586 4689 700 4756 salinae,
723 4691 795 4744 velut
817 4697 938 4763 stagnum
955 4690 1098 4743 audomaro
1122 4687 1164 4738 est
1185 4682 1255 4761 apud
1272 4683 1339 4738 auct
1356 4678 1389 4737 do
