<?xml version="1.0" encoding="UTF-8"?>
<!DOCTYPE html PUBLIC "-//W3C//DTD XHTML 1.0 Transitional//EN"
    "http://www.w3.org/TR/xhtml1/DTD/xhtml1-transitional.dtd">
<html xmlns="http://www.w3.org/1999/xhtml" xml:lang="en" lang="en">
 <head>
  <title>
</title>
<meta http-equiv="Content-Type" content="text/html;charset=utf-8" />
  <meta name='ocr-system' content='tesseract 3.04.00' />
  <meta name='ocr-capabilities' content='ocr_page ocr_carea ocr_par ocr_line ocrx_word'/>
</head>
<body>
  <div class='ocr_page' id='page_1' title='image "./orationestresde00cicegoog/orationestresde00cicegoog_0188.png"; bbox 0 0 3550 5492; ppageno 0'>
   <div class='ocr_carea' id='block_1_1' title="bbox 809 588 1045 655">
    <p class='ocr_par' dir='ltr' id='par_1_1' title="bbox 809 588 1045 655">
     <span class='ocr_line' id='line_1_1' title="bbox 809 588 1045 655; baseline -0.004 -16"><span class='ocrx_word' id='word_1_1' title='bbox 809 588 1045 655; x_wconf 64' lang='lat'>..148-</span> 
     </span>
    </p>
   </div>
   <div class='ocr_carea' id='block_1_2' title="bbox 304 747 1495 2180">
    <p class='ocr_par' dir='ltr' id='par_1_2' title="bbox 304 747 1495 2180">
     <span class='ocr_line' id='line_1_2' title="bbox 349 747 1494 841; baseline -0.003 -19"><span class='ocrx_word' id='word_1_2' title='bbox 349 778 471 823; x_wconf 92' lang='lat' dir='ltr'><strong>omnem</strong></span> <span class='ocrx_word' id='word_1_3' title='bbox 493 753 657 841; x_wconf 89' lang='lat' dir='ltr'><strong>pecuniam</strong></span> <span class='ocrx_word' id='word_1_4' title='bbox 679 774 716 816; x_wconf 82' lang='lat' dir='ltr'><strong>ex</strong></span> <span class='ocrx_word' id='word_1_5' title='bbox 738 754 855 817; x_wconf 92' lang='lat' dir='ltr'><strong>aerario</strong></span> <span class='ocrx_word' id='word_1_6' title='bbox 878 754 1108 835; x_wconf 77' lang='lat' dir='ltr'><strong>exhausissetiS,</strong></span> <span class='ocrx_word' id='word_1_7' title='bbox 1131 774 1170 817; x_wconf 82' lang='lat' dir='ltr'><strong>ex</strong></span> <span class='ocrx_word' id='word_1_8' title='bbox 1190 747 1494 836; x_wconf 80' lang='lat' dir='ltr'><strong>vectigalibusrede·</strong></span> 
     </span>
     <span class='ocr_line' id='line_1_3' title="bbox 348 855 1495 944; baseline -0.004 -18"><span class='ocrx_word' id='word_1_9' title='bbox 348 861 480 944; x_wconf 82' lang='lat' dir='ltr'><strong>gissetis‚</strong></span> <span class='ocrx_word' id='word_1_10' title='bbox 503 861 542 925; x_wconf 94' lang='lat' dir='ltr'><strong>ab</strong></span> <span class='ocrx_word' id='word_1_11' title='bbox 565 857 708 925; x_wconf 90' lang='lat' dir='ltr'><strong>omnibus</strong></span> <span class='ocrx_word' id='word_1_12' title='bbox 732 857 866 941; x_wconf 80' lang='lat' dir='ltr'><strong>regibus,</strong></span> <span class='ocrx_word' id='word_1_13' title='bbox 890 858 1043 942; x_wconf 84' lang='lat' dir='ltr'><strong>gentibus,</strong></span> <span class='ocrx_word' id='word_1_14' title='bbox 1072 856 1110 921; x_wconf 92' lang='lat' dir='ltr'><strong>ab</strong></span> <span class='ocrx_word' id='word_1_15' title='bbox 1132 855 1372 942; x_wconf 77' lang='lat' dir='ltr'><strong>imperatoribus</strong></span> <span class='ocrx_word' id='word_1_16' title='bbox 1394 858 1495 923; x_wconf 72' lang='lat' dir='ltr'><strong>nostis</strong></span> 
     </span>
     <span class='ocr_line' id='line_1_4' title="bbox 347 958 1495 1049; baseline -0.004 -20"><span class='ocrx_word' id='word_1_17' title='bbox 347 963 533 1049; x_wconf 84' lang='lat' dir='ltr'><strong>coegissetis,</strong></span> <span class='ocrx_word' id='word_1_18' title='bbox 556 968 661 1028; x_wconf 91' lang='lat' dir='ltr'><strong>tamen</strong></span> <span class='ocrx_word' id='word_1_19' title='bbox 683 981 789 1025; x_wconf 88' lang='lat' dir='ltr'><strong>omnes</strong></span> <span class='ocrx_word' id='word_1_20' title='bbox 810 961 898 1026; x_wconf 84' lang='lat' dir='ltr'><strong>vobis</strong></span> <span class='ocrx_word' id='word_1_21' title='bbox 921 960 1067 1046; x_wconf 87' lang='lat' dir='ltr'><strong>pecunias</strong></span> <span class='ocrx_word' id='word_1_22' title='bbox 1090 958 1130 1022; x_wconf 91' lang='lat' dir='ltr'><strong>ad</strong></span> <span class='ocrx_word' id='word_1_23' title='bbox 1143 963 1256 1022; x_wconf 89' lang='lat' dir='ltr'><strong>nutum</strong></span> <span class='ocrx_word' id='word_1_24' title='bbox 1277 965 1418 1024; x_wconf 69' lang='lat' dir='ltr'><strong>veebum</strong></span> <span class='ocrx_word' id='word_1_25' title='bbox 1431 980 1495 1046; x_wconf 90' lang='lat' dir='ltr'><strong>pen-</strong></span> 
     </span>
     <span class='ocr_line' id='line_1_5' title="bbox 347 1060 1495 1148; baseline -0.003 -17"><span class='ocrx_word' id='word_1_26' title='bbox 347 1067 467 1132; x_wconf 84' lang='lat' dir='ltr'><strong>derent:</strong></span> <span class='ocrx_word' id='word_1_27' title='bbox 500 1072 536 1129; x_wconf 91' lang='lat' dir='ltr'><strong>ut</strong></span> <span class='ocrx_word' id='word_1_28' title='bbox 565 1063 659 1129; x_wconf 93' lang='lat' dir='ltr'><strong>iidem</strong></span> <span class='ocrx_word' id='word_1_29' title='bbox 682 1062 795 1148; x_wconf 88' lang='lat' dir='ltr'><strong>partim</strong></span> <span class='ocrx_word' id='word_1_30' title='bbox 817 1063 986 1128; x_wconf 79' lang='lat' dir='ltr'><strong>invidiosos</strong></span> <span class='ocrx_word' id='word_1_31' title='bbox 1009 1083 1097 1146; x_wconf 84' lang='lat' dir='ltr'><strong>agros</strong></span> <span class='ocrx_word' id='word_1_32' title='bbox 1120 1083 1139 1126; x_wconf 92' lang='lat' dir='ltr'><strong>a</strong></span> <span class='ocrx_word' id='word_1_33' title='bbox 1161 1060 1301 1127; x_wconf 83' lang='lat' dir='ltr'>Sullanis</span> <span class='ocrx_word' id='word_1_34' title='bbox 1322 1063 1495 1147; x_wconf 89' lang='lat' dir='ltr'><strong>possessori·</strong></span> 
     </span>
     <span class='ocr_line' id='line_1_6' title="bbox 347 1165 1495 1255; baseline -0.001 -22"><span class='ocrx_word' id='word_1_35' title='bbox 347 1171 414 1251; x_wconf 78' lang='lat' dir='ltr'><strong>buS,</strong></span> <span class='ocrx_word' id='word_1_36' title='bbox 437 1169 551 1255; x_wconf 89' lang='lat' dir='ltr'><strong>partim</strong></span> <span class='ocrx_word' id='word_1_37' title='bbox 573 1168 707 1232; x_wconf 88' lang='lat' dir='ltr'><strong>desertos</strong></span> <span class='ocrx_word' id='word_1_38' title='bbox 731 1188 766 1231; x_wconf 90' lang='lat' dir='ltr'><strong>ac</strong></span> <span class='ocrx_word' id='word_1_39' title='bbox 788 1165 967 1250; x_wconf 91' lang='lat' dir='ltr'><strong>pestilentes</strong></span> <span class='ocrx_word' id='word_1_40' title='bbox 989 1187 1008 1229; x_wconf 91' lang='lat' dir='ltr'><strong>a</strong></span> <span class='ocrx_word' id='word_1_41' title='bbox 1029 1165 1141 1230; x_wconf 89' lang='lat' dir='ltr'><strong>vestris</strong></span> <span class='ocrx_word' id='word_1_42' title='bbox 1165 1166 1347 1232; x_wconf 87' lang='lat' dir='ltr'><strong>necessariis</strong></span> <span class='ocrx_word' id='word_1_43' title='bbox 1369 1172 1433 1232; x_wconf 83' lang='lat' dir='ltr'><strong>eta</strong></span> <span class='ocrx_word' id='word_1_44' title='bbox 1452 1180 1495 1232; x_wconf 77' lang='lat' dir='ltr'><strong>vo</strong></span> 
     </span>
     <span class='ocr_line' id='line_1_7' title="bbox 345 1267 1494 1356; baseline -0.002 -21"><span class='ocrx_word' id='word_1_45' title='bbox 345 1271 459 1335; x_wconf 92' lang='lat' dir='ltr'><strong>bismet</strong></span> <span class='ocrx_word' id='word_1_46' title='bbox 479 1269 557 1356; x_wconf 88' lang='lat' dir='ltr'><strong>ipsis</strong></span> <span class='ocrx_word' id='word_1_47' title='bbox 580 1275 698 1355; x_wconf 89' lang='lat' dir='ltr'><strong>emptos</strong></span> <span class='ocrx_word' id='word_1_48' title='bbox 720 1267 830 1352; x_wconf 91' lang='lat' dir='ltr'><strong>quanti</strong></span> <span class='ocrx_word' id='word_1_49' title='bbox 858 1268 979 1334; x_wconf 88' lang='lat' dir='ltr'><strong>velletis</strong></span> <span class='ocrx_word' id='word_1_50' title='bbox 1002 1267 1113 1353; x_wconf 91' lang='lat' dir='ltr'><strong>populo</strong></span> <span class='ocrx_word' id='word_1_51' title='bbox 1136 1267 1274 1333; x_wconf 90' lang='lat' dir='ltr'><strong>Romano</strong></span> <span class='ocrx_word' id='word_1_52' title='bbox 1303 1268 1494 1335; x_wconf 79' lang='lat' dir='ltr'><strong>induceretis:</strong></span> 
     </span>
     <span class='ocr_line' id='line_1_8' title="bbox 347 1370 1494 1458; baseline -0.001 -20"><span class='ocrx_word' id='word_1_53' title='bbox 347 1380 383 1438; x_wconf 94' lang='lat' dir='ltr'><strong>ut</strong></span> <span class='ocrx_word' id='word_1_54' title='bbox 404 1374 508 1439; x_wconf 92' lang='lat' dir='ltr'><strong>omnia</strong></span> <span class='ocrx_word' id='word_1_55' title='bbox 528 1372 699 1456; x_wconf 89' lang='lat' dir='ltr'><strong>municipia</strong></span> <span class='ocrx_word' id='word_1_56' title='bbox 714 1370 908 1456; x_wconf 91' lang='lat' dir='ltr'><strong>coloniasque</strong></span> <span class='ocrx_word' id='word_1_57' title='bbox 922 1370 1030 1436; x_wconf 92' lang='lat' dir='ltr'><strong>ltaliae</strong></span> <span class='ocrx_word' id='word_1_58' title='bbox 1052 1370 1142 1435; x_wconf 89' lang='lat' dir='ltr'><strong>novis</strong></span> <span class='ocrx_word' id='word_1_59' title='bbox 1164 1370 1278 1435; x_wconf 89' lang='lat' dir='ltr'><strong>colonis</strong></span> <span class='ocrx_word' id='word_1_60' title='bbox 1302 1372 1494 1458; x_wconf 71' lang='lat' dir='ltr'><strong>occuparetisc</strong></span> 
     </span>
     <span class='ocr_line' id='line_1_9' title="bbox 347 1460 1494 1562; baseline -0.003 -20"><span class='ocrx_word' id='word_1_61' title='bbox 347 1482 382 1542; x_wconf 92' lang='lat' dir='ltr'><strong>ut</strong></span> <span class='ocrx_word' id='word_1_62' title='bbox 404 1475 693 1562; x_wconf 87' lang='lat' dir='ltr'><strong>quibuscunquein</strong></span> <span class='ocrx_word' id='word_1_63' title='bbox 715 1474 789 1538; x_wconf 91' lang='lat' dir='ltr'><strong>locis</strong></span> <span class='ocrx_word' id='word_1_64' title='bbox 810 1460 897 1539; x_wconf 89' lang='lat' dir='ltr'><strong>vobis</strong></span> <span class='ocrx_word' id='word_1_65' title='bbox 924 1475 1081 1539; x_wconf 87' lang='lat' dir='ltr'><strong>videretur</strong></span> <span class='ocrx_word' id='word_1_66' title='bbox 1109 1496 1144 1539; x_wconf 90' lang='lat' dir='ltr'><strong>ac</strong></span> <span class='ocrx_word' id='word_1_67' title='bbox 1172 1482 1266 1558; x_wconf 91' lang='lat' dir='ltr'><strong>quam</strong></span> <span class='ocrx_word' id='word_1_68' title='bbox 1288 1475 1494 1542; x_wconf 61' lang='lat' dir='ltr'><strong>multis‘vide</strong></span> 
     </span>
     <span class='ocr_line' id='line_1_10' title="bbox 304 1575 1494 1663; baseline 0 -19"><span class='ocrx_word' id='word_1_69' title='bbox 304 1599 337 1653; x_wconf 81' lang='lat'><strong>99</strong></span> <span class='ocrx_word' id='word_1_70' title='bbox 346 1584 431 1644; x_wconf 90' lang='lat' dir='ltr'><strong>retur</strong></span> <span class='ocrx_word' id='word_1_71' title='bbox 453 1578 586 1644; x_wconf 88' lang='lat' dir='ltr'><strong>colonias</strong></span> <span class='ocrx_word' id='word_1_72' title='bbox 608 1575 810 1642; x_wconf 90' lang='lat' dir='ltr'><strong>collocaretis:</strong></span> <span class='ocrx_word' id='word_1_73' title='bbox 833 1582 878 1640; x_wconf 91' lang='lat' dir='ltr'><strong>ut·</strong></span> <span class='ocrx_word' id='word_1_74' title='bbox 891 1597 1013 1642; x_wconf 89' lang='lat' dir='ltr'><strong>omnem</strong></span> <span class='ocrx_word' id='word_1_75' title='bbox 1039 1597 1105 1641; x_wconf 92' lang='lat' dir='ltr'><strong>rem</strong></span> <span class='ocrx_word' id='word_1_76' title='bbox 1134 1577 1290 1663; x_wconf 79' lang='lat' dir='ltr'>publicam</span> <span class='ocrx_word' id='word_1_77' title='bbox 1313 1582 1426 1648; x_wconf 86' lang='lat' dir='ltr'><strong>vestris</strong></span> <span class='ocrx_word' id='word_1_78' title='bbox 1447 1581 1494 1646; x_wconf 93' lang='lat' dir='ltr'><strong>mi·</strong></span> 
     </span>
     <span class='ocr_line' id='line_1_11' title="bbox 345 1679 1494 1768; baseline -0.001 -21"><span class='ocrx_word' id='word_1_79' title='bbox 345 1683 462 1765; x_wconf 82' lang='lat' dir='ltr'><strong>litibus,</strong></span> <span class='ocrx_word' id='word_1_80' title='bbox 486 1681 596 1747; x_wconf 88' lang='lat' dir='ltr'><strong>vestris</strong></span> <span class='ocrx_word' id='word_1_81' title='bbox 611 1682 772 1768; x_wconf 85' lang='lat' dir='ltr'>praesidiis</span> <span class='ocrx_word' id='word_1_82' title='bbox 795 1679 958 1766; x_wconf 82' lang='lat' dir='ltr'><strong>cingeretis</strong></span> <span class='ocrx_word' id='word_1_83' title='bbox 973 1685 1066 1764; x_wconf 85' lang='lat' dir='ltr'><strong>atque</strong></span> <span class='ocrx_word' id='word_1_84' title='bbox 1088 1699 1263 1765; x_wconf 82' lang='lat' dir='ltr'><strong>oppressam</strong></span> <span class='ocrx_word' id='word_1_85' title='bbox 1284 1682 1448 1754; x_wconf 82' lang='lat' dir='ltr'><strong>teneretis:</strong></span> <span class='ocrx_word' id='word_1_86' title='bbox 1468 1687 1494 1746; x_wconf 90' lang='lat' dir='ltr'><strong>ut</strong></span> 
     </span>
     <span class='ocr_line' id='line_1_12' title="bbox 345 1771 1493 1872; baseline 0 -23"><span class='ocrx_word' id='word_1_87' title='bbox 345 1786 450 1872; x_wconf 88' lang='lat' dir='ltr'><strong>ipsum</strong></span> <span class='ocrx_word' id='word_1_88' title='bbox 473 1786 529 1850; x_wconf 90' lang='lat' dir='ltr'><strong>Cn.</strong></span> <span class='ocrx_word' id='word_1_89' title='bbox 553 1787 750 1872; x_wconf 89' lang='lat' dir='ltr'><strong>Pompeium,</strong></span> <span class='ocrx_word' id='word_1_90' title='bbox 778 1785 866 1851; x_wconf 90' lang='lat' dir='ltr'><strong>ouius</strong></span> <span class='ocrx_word' id='word_1_91' title='bbox 894 1771 1047 1870; x_wconf 89' lang='lat' dir='ltr'><strong>praesidio</strong></span> <span class='ocrx_word' id='word_1_92' title='bbox 1075 1783 1255 1869; x_wconf 84' lang='lat' dir='ltr'><strong>saepissime</strong></span> <span class='ocrx_word' id='word_1_93' title='bbox 1282 1784 1493 1871; x_wconf 68' lang='lat' dir='ltr'><strong>rempublicam</strong></span> 
     </span>
     <span class='ocr_line' id='line_1_13' title="bbox 346 1888 1493 1973; baseline -0.002 -18"><span class='ocrx_word' id='word_1_94' title='bbox 346 1894 452 1955; x_wconf 90' lang='lat' dir='ltr'><strong>contra</strong></span> <span class='ocrx_word' id='word_1_95' title='bbox 474 1890 636 1956; x_wconf 87' lang='lat' dir='ltr'><strong>acerrimos</strong></span> <span class='ocrx_word' id='word_1_96' title='bbox 659 1890 762 1955; x_wconf 89' lang='lat' dir='ltr'><strong>hostes</strong></span> <span class='ocrx_word' id='word_1_97' title='bbox 785 1896 816 1954; x_wconf 93' lang='lat' dir='ltr'><strong>et</strong></span> <span class='ocrx_word' id='word_1_98' title='bbox 837 1895 943 1954; x_wconf 88' lang='lat' dir='ltr'><strong>contra</strong></span> <span class='ocrx_word' id='word_1_99' title='bbox 962 1888 1205 1973; x_wconf 86' lang='lat' dir='ltr'><strong>improbissimos</strong></span> <span class='ocrx_word' id='word_1_100' title='bbox 1232 1889 1315 1965; x_wconf 83' lang='lat' dir='ltr'><strong>cives</strong></span> <span class='ocrx_word' id='word_1_101' title='bbox 1336 1889 1432 1955; x_wconf 89' lang='lat' dir='ltr'><strong>tutati</strong></span> <span class='ocrx_word' id='word_1_102' title='bbox 1452 1911 1493 1955; x_wconf 91' lang='lat' dir='ltr'><strong>su-</strong></span> 
     </span>
     <span class='ocr_line' id='line_1_14' title="bbox 346 1989 1493 2079; baseline -0.005 -21"><span class='ocrx_word' id='word_1_103' title='bbox 346 2016 430 2075; x_wconf 89' lang='lat' dir='ltr'><strong>mus,</strong></span> <span class='ocrx_word' id='word_1_104' title='bbox 453 1996 581 2058; x_wconf 86' lang='lat' dir='ltr'><strong>victoria</strong></span> <span class='ocrx_word' id='word_1_105' title='bbox 602 2002 693 2079; x_wconf 90' lang='lat' dir='ltr'><strong>atquc</strong></span> <span class='ocrx_word' id='word_1_106' title='bbox 716 1995 826 2059; x_wconf 89' lang='lat' dir='ltr'><strong>horum</strong></span> <span class='ocrx_word' id='word_1_107' title='bbox 854 1997 1019 2076; x_wconf 88' lang='lat' dir='ltr'><strong>conspectu</strong></span> <span class='ocrx_word' id='word_1_108' title='bbox 1040 1990 1162 2076; x_wconf 84' lang='lat' dir='ltr'><strong>privare</strong></span> <span class='ocrx_word' id='word_1_109' title='bbox 1189 1992 1337 2076; x_wconf 89' lang='lat' dir='ltr'><strong>possetis:</strong></span> <span class='ocrx_word' id='word_1_110' title='bbox 1368 1999 1405 2057; x_wconf 92' lang='lat' dir='ltr'><strong>ut</strong></span> <span class='ocrx_word' id='word_1_111' title='bbox 1426 1989 1493 2057; x_wconf 90' lang='lat' dir='ltr'><strong>nihil</strong></span> 
     </span>
     <span class='ocr_line' id='line_1_15' title="bbox 345 2093 1493 2180; baseline 0.001 -20"><span class='ocrx_word' id='word_1_112' title='bbox 345 2118 419 2161; x_wconf 86' lang='lat' dir='ltr'><strong>auro</strong></span> <span class='ocrx_word' id='word_1_113' title='bbox 442 2103 473 2160; x_wconf 90' lang='lat' dir='ltr'><strong>et</strong></span> <span class='ocrx_word' id='word_1_114' title='bbox 495 2101 620 2179; x_wconf 86' lang='lat' dir='ltr'><strong>argento</strong></span> <span class='ocrx_word' id='word_1_115' title='bbox 634 2096 754 2178; x_wconf 83' lang='lat' dir='ltr'><strong>violari,</strong></span> <span class='ocrx_word' id='word_1_116' title='bbox 778 2095 857 2160; x_wconf 87' lang='lat' dir='ltr'>nihil</span> <span class='ocrx_word' id='word_1_117' title='bbox 873 2115 1001 2160; x_wconf 91' lang='lat' dir='ltr'><strong>numero</strong></span> <span class='ocrx_word' id='word_1_118' title='bbox 1024 2102 1054 2159; x_wconf 92' lang='lat' dir='ltr'><strong>et</strong></span> <span class='ocrx_word' id='word_1_119' title='bbox 1075 2095 1229 2178; x_wconf 82' lang='lat' dir='ltr'><strong>suffragiis</strong></span> <span class='ocrx_word' id='word_1_120' title='bbox 1245 2095 1405 2180; x_wconf 82' lang='lat' dir='ltr'><strong>declarari,</strong></span> <span class='ocrx_word' id='word_1_121' title='bbox 1417 2093 1493 2161; x_wconf 85' lang='lat' dir='ltr'><strong>¹nihil</strong></span> 
     </span>
    </p>
   </div>
   <div class='ocr_carea' id='block_1_3' title="bbox 346 2235 1493 2385">
    <p class='ocr_par' dir='ltr' id='par_1_3' title="bbox 346 2235 1493 2385">
     <span class='ocr_line' id='line_1_16' title="bbox 368 2235 1493 2303; baseline -0.002 -11"><span class='ocrx_word' id='word_1_122' title='bbox 368 2292 370 2296; x_wconf 86' lang='grc'>,</span> <span class='ocrx_word' id='word_1_123' title='bbox 430 2251 463 2292; x_wconf 77' lang='grc'><strong>99.</strong></span> <span class='ocrx_word' id='word_1_124' title='bbox 475 2251 585 2300; x_wconf 70' lang='lat' dir='ltr'><strong>militibus,</strong></span> <span class='ocrx_word' id='word_1_125' title='bbox 603 2253 678 2293; x_wconf 61' lang='lat' dir='ltr'><strong>nostrat</strong></span> <span class='ocrx_word' id='word_1_126' title='bbox 693 2253 792 2301; x_wconf 72' lang='lat' dir='ltr'><strong>urbibus,</strong></span> <span class='ocrx_word' id='word_1_127' title='bbox 803 2253 895 2294; x_wconf 77' lang='lat' dir='ltr'><strong>-sertrs&#39;a</strong></span> <span class='ocrx_word' id='word_1_128' title='bbox 914 2235 937 2282; x_wconf 47' lang='lat'><strong>-&#39;·</strong></span> <span class='ocrx_word' id='word_1_129' title='bbox 957 2253 1081 2302; x_wconf 61' lang='lat' dir='ltr'><strong>semisermo</strong></span> <span class='ocrx_word' id='word_1_130' title='bbox 1095 2253 1188 2303; x_wconf 76' lang='lat' dir='ltr'><strong>pcpalm</strong></span> <span class='ocrx_word' id='word_1_131' title='bbox 1199 2251 1309 2292; x_wconf 77' lang='lat' dir='ltr'><strong>Romanas</strong></span> <span class='ocrx_word' id='word_1_132' title='bbox 1322 2257 1400 2293; x_wconf 75' lang='lat' dir='ltr'><strong>watra</strong></span> <span class='ocrx_word' id='word_1_133' title='bbox 1414 2270 1439 2284; x_wconf 87' lang='lat'><strong>·-</strong></span> <span class='ocrx_word' id='word_1_134' title='bbox 1450 2252 1493 2293; x_wconf 77' lang='lat' dir='ltr'><strong>eber</strong></span> 
     </span>
     <span class='ocr_line' id='line_1_17' title="bbox 346 2323 692 2385; baseline 0.006 -25"><span class='ocrx_word' id='word_1_135' title='bbox 346 2345 405 2364; x_wconf 89' lang='lat'><strong>.....</strong></span> <span class='ocrx_word' id='word_1_136' title='bbox 418 2323 518 2373; x_wconf 63' lang='lat' dir='ltr'><strong>actorem</strong></span> <span class='ocrx_word' id='word_1_137' title='bbox 533 2327 597 2385; x_wconf 62' lang='lat' dir='ltr'><strong>atque</strong></span> <span class='ocrx_word' id='word_1_138' title='bbox 609 2323 692 2363; x_wconf 74' lang='lat' dir='ltr'><strong>bersan.</strong></span> 
     </span>
    </p>
   </div>
   <div class='ocr_carea' id='block_1_4' title="bbox 278 2442 1540 4746">
    <p class='ocr_par' dir='ltr' id='par_1_4' title="bbox 278 2442 1540 4746">
     <span class='ocr_line' id='line_1_18' title="bbox 345 2442 1492 2512; baseline -0.003 -16"><span class='ocrx_word' id='word_1_139' title='bbox 345 2442 435 2496; x_wconf 79' lang='lat' dir='ltr'><strong>sitium</strong></span> <span class='ocrx_word' id='word_1_140' title='bbox 453 2443 480 2498; x_wconf 91' lang='lat' dir='ltr'><strong>in</strong></span> <span class='ocrx_word' id='word_1_141' title='bbox 498 2443 619 2512; x_wconf 86' lang='lat' dir='ltr'><strong>explendi</strong></span> <span class='ocrx_word' id='word_1_142' title='bbox 636 2443 714 2496; x_wconf 87' lang='lat' dir='ltr'><strong>verbo</strong></span> <span class='ocrx_word' id='word_1_143' title='bbox 732 2443 919 2497; x_wconf 87' lang='lat' dir='ltr'><strong>commissum..</strong></span> <span class='ocrx_word' id='word_1_144' title='bbox 947 2442 1030 2507; x_wconf 84' lang='lat' dir='ltr'><strong>Quare</strong></span> <span class='ocrx_word' id='word_1_145' title='bbox 1052 2442 1203 2511; x_wconf 78' lang='lat' dir='ltr'><strong>scripsimus</strong></span> <span class='ocrx_word' id='word_1_146' title='bbox 1225 2448 1310 2496; x_wconf 85' lang='lat' dir='ltr'><strong>cetere</strong></span> <span class='ocrx_word' id='word_1_147' title='bbox 1327 2442 1456 2510; x_wconf 64' lang='lat' dir='ltr'><strong>occaecati</strong></span> <span class='ocrx_word' id='word_1_148' title='bbox 1468 2454 1492 2493; x_wconf 82' lang='lat' dir='ltr'><strong>er</strong></span> 
     </span>
     <span class='ocr_line' id='line_1_19' title="bbox 343 2515 1492 2598; baseline -0.003 -18"><span class='ocrx_word' id='word_1_149' title='bbox 343 2527 477 2597; x_wconf 74' lang='lat' dir='ltr'><strong>republica</strong></span> <span class='ocrx_word' id='word_1_150' title='bbox 495 2535 582 2597; x_wconf 85' lang='lat' dir='ltr'><strong>erepto</strong></span> <span class='ocrx_word' id='word_1_151' title='bbox 599 2545 693 2581; x_wconf 86' lang='lat' dir='ltr'><strong>aeocrn</strong></span> <span class='ocrx_word' id='word_1_152' title='bbox 708 2515 797 2581; x_wconf 74' lang='lat' dir='ltr'><strong>arbem</strong></span> <span class='ocrx_word' id='word_1_153' title='bbox 814 2528 851 2580; x_wconf 87' lang='lat' dir='ltr'><strong>od</strong></span> <span class='ocrx_word' id='word_1_154' title='bbox 868 2535 998 2581; x_wconf 82' lang='lat' dir='ltr'><strong>certarnen</strong></span> <span class='ocrx_word' id='word_1_155' title='bbox 1015 2527 1152 2595; x_wconf 76' lang='lat' dir='ltr'><strong>dipsitatis</strong></span> <span class='ocrx_word' id='word_1_156' title='bbox 1170 2528 1346 2597; x_wconf 81' lang='lat' dir='ltr'><strong>opponeretis,</strong></span> <span class='ocrx_word' id='word_1_157' title='bbox 1369 2529 1397 2582; x_wconf 93' lang='lat' dir='ltr'><strong>iu</strong></span> <span class='ocrx_word' id='word_1_158' title='bbox 1414 2542 1461 2598; x_wconf 89' lang='lat' dir='ltr'><strong>que</strong></span> <span class='ocrx_word' id='word_1_159' title='bbox 1474 2525 1492 2578; x_wconf 93' lang='lat' dir='ltr'><strong>si</strong></span> 
     </span>
     <span class='ocr_line' id='line_1_20' title="bbox 345 2612 1492 2682; baseline -0.001 -17"><span class='ocrx_word' id='word_1_160' title='bbox 345 2614 430 2682; x_wconf 90' lang='lat' dir='ltr'><strong>ipsum</strong></span> <span class='ocrx_word' id='word_1_161' title='bbox 448 2612 594 2668; x_wconf 83' lang='lat' dir='ltr'><strong>Ciceronem</strong></span> <span class='ocrx_word' id='word_1_162' title='bbox 612 2614 788 2668; x_wconf 88' lang='lat' dir='ltr'><strong>nonassecuti</strong></span> <span class='ocrx_word' id='word_1_163' title='bbox 805 2629 902 2679; x_wconf 90' lang='lat' dir='ltr'><strong>sumus,</strong></span> <span class='ocrx_word' id='word_1_164' title='bbox 921 2615 998 2678; x_wconf 87' lang='lat' dir='ltr'><strong>certe,</strong></span> <span class='ocrx_word' id='word_1_165' title='bbox 1016 2612 1084 2680; x_wconf 90' lang='lat' dir='ltr'><strong>quod</strong></span> <span class='ocrx_word' id='word_1_166' title='bbox 1101 2627 1149 2665; x_wconf 91' lang='lat' dir='ltr'><strong>nec</strong></span> <span class='ocrx_word' id='word_1_167' title='bbox 1167 2612 1293 2677; x_wconf 74' lang='lat' dir='ltr'><strong>alitteris,</strong></span> <span class='ocrx_word' id='word_1_168' title='bbox 1311 2628 1378 2681; x_wconf 88' lang='lat' dir='ltr'><strong>qnae</strong></span> <span class='ocrx_word' id='word_1_169' title='bbox 1395 2612 1492 2666; x_wconf 75' lang='lat' dir='ltr'><strong>traditae</strong></span> 
     </span>
     <span class='ocr_line' id='line_1_21' title="bbox 345 2697 1540 2767; baseline -0.003 -14"><span class='ocrx_word' id='word_1_170' title='bbox 345 2704 413 2764; x_wconf 88' lang='lat' dir='ltr'><strong>sunt,</strong></span> <span class='ocrx_word' id='word_1_171' title='bbox 431 2715 478 2753; x_wconf 91' lang='lat' dir='ltr'><strong>nec</strong></span> <span class='ocrx_word' id='word_1_172' title='bbox 496 2701 529 2752; x_wconf 91' lang='lat' dir='ltr'><strong>ab</strong></span> <span class='ocrx_word' id='word_1_173' title='bbox 541 2702 668 2754; x_wconf 87' lang='lat' dir='ltr'><strong>sententia</strong></span> <span class='ocrx_word' id='word_1_174' title='bbox 681 2702 825 2765; x_wconf 87' lang='lat' dir='ltr'><strong>abhorreat,</strong></span> <span class='ocrx_word' id='word_1_175' title='bbox 843 2701 960 2754; x_wconf 81' lang='lat' dir='ltr'><strong>ridemur</strong></span> <span class='ocrx_word' id='word_1_176' title='bbox 978 2699 1101 2753; x_wconf 82' lang='lat' dir='ltr'><strong>effecisse.</strong></span> <span class='ocrx_word' id='word_1_177' title='bbox 1119 2727 1153 2736; x_wconf 96' lang='lat'>-</span> <span class='ocrx_word' id='word_1_178' title='bbox 1166 2703 1328 2767; x_wconf 76' lang='lat' dir='ltr'><strong>potestatem.</strong></span> <span class='ocrx_word' id='word_1_179' title='bbox 1352 2697 1492 2752; x_wconf 75' lang='lat' dir='ltr'><strong>Coniectura</strong></span> <span class='ocrx_word' id='word_1_180' title='bbox 1534 2726 1540 2741; x_wconf 83' lang='lat'>·</span> 
     </span>
     <span class='ocr_line' id='line_1_22' title="bbox 344 2781 1493 2859; baseline -0.002 -22"><span class='ocrx_word' id='word_1_181' title='bbox 344 2786 410 2859; x_wconf 86' lang='lat' dir='ltr'><strong>haec</strong></span> <span class='ocrx_word' id='word_1_182' title='bbox 425 2789 465 2837; x_wconf 92' lang='lat' dir='ltr'><strong>est</strong></span> <span class='ocrx_word' id='word_1_183' title='bbox 480 2785 576 2839; x_wconf 89' lang='lat' dir='ltr'><strong>Iuntini</strong></span> <span class='ocrx_word' id='word_1_184' title='bbox 588 2787 707 2853; x_wconf 75' lang='lat' dir='ltr'><strong>editoris3</strong></span> <span class='ocrx_word' id='word_1_185' title='bbox 724 2804 784 2840; x_wconf 91' lang='lat' dir='ltr'><strong>nam</strong></span> <span class='ocrx_word' id='word_1_186' title='bbox 796 2787 898 2839; x_wconf 88' lang='lat' dir='ltr'><strong>codices</strong></span> <span class='ocrx_word' id='word_1_187' title='bbox 917 2798 1004 2838; x_wconf 88' lang='lat' dir='ltr'><strong>omues</strong></span> <span class='ocrx_word' id='word_1_188' title='bbox 1016 2783 1141 2852; x_wconf 86' lang='lat' dir='ltr'><strong>praebent</strong></span> <span class='ocrx_word' id='word_1_189' title='bbox 1148 2783 1293 2852; x_wconf 81' lang='lat' dir='ltr'><strong>potestatis.</strong></span> <span class='ocrx_word' id='word_1_190' title='bbox 1319 2781 1493 2845; x_wconf 76' lang='lat' dir='ltr'><strong>Animade</strong></span> 
     </span>
     <span class='ocr_line' id='line_1_23' title="bbox 345 2865 1493 2940; baseline -0.003 -17"><span class='ocrx_word' id='word_1_191' title='bbox 345 2874 437 2936; x_wconf 90' lang='lat' dir='ltr'><strong>autem,</strong></span> <span class='ocrx_word' id='word_1_192' title='bbox 455 2871 524 2940; x_wconf 90' lang='lat' dir='ltr'><strong>quod</strong></span> <span class='ocrx_word' id='word_1_193' title='bbox 541 2871 594 2934; x_wconf 83' lang='lat' dir='ltr'><strong>ias,</strong></span> <span class='ocrx_word' id='word_1_194' title='bbox 612 2871 829 2934; x_wconf 75' lang='lat' dir='ltr'><strong>iurisdictionem,</strong></span> <span class='ocrx_word' id='word_1_195' title='bbox 846 2876 998 2939; x_wconf 84' lang='lat' dir='ltr'><strong>potestatem</strong></span> <span class='ocrx_word' id='word_1_196' title='bbox 1021 2869 1162 2938; x_wconf 82' lang='lat' dir='ltr'><strong>coniungit.</strong></span> <span class='ocrx_word' id='word_1_197' title='bbox 1197 2869 1253 2922; x_wconf 88' lang='lat' dir='ltr'><strong>Sub</strong></span> <span class='ocrx_word' id='word_1_198' title='bbox 1273 2870 1329 2922; x_wconf 89' lang='lat' dir='ltr'><strong>iure</strong></span> <span class='ocrx_word' id='word_1_199' title='bbox 1346 2869 1439 2934; x_wconf 81' lang='lat' dir='ltr'><strong>habat,</strong></span> <span class='ocrx_word' id='word_1_200' title='bbox 1455 2865 1493 2935; x_wconf 81' lang='lat' dir='ltr'><strong>qui</strong></span> 
     </span>
     <span class='ocr_line' id='line_1_24' title="bbox 331 2952 1493 3030; baseline -0.002 -22"><span class='ocrx_word' id='word_1_201' title='bbox 331 2958 460 3030; x_wconf 15' lang='lat' dir='ltr'><strong>‘quamvis</strong></span> <span class='ocrx_word' id='word_1_202' title='bbox 478 2957 530 3009; x_wconf 83' lang='lat' dir='ltr'><strong>levi</strong></span> <span class='ocrx_word' id='word_1_203' title='bbox 546 2957 574 3009; x_wconf 92' lang='lat' dir='ltr'><strong>in</strong></span> <span class='ocrx_word' id='word_1_204' title='bbox 591 2973 619 3009; x_wconf 87' lang='lat' dir='ltr'><strong>re</strong></span> <span class='ocrx_word' id='word_1_205' title='bbox 636 2957 755 3026; x_wconf 89' lang='lat' dir='ltr'><strong>imperat,</strong></span> <span class='ocrx_word' id='word_1_206' title='bbox 773 2957 821 3011; x_wconf 89' lang='lat' dir='ltr'><strong>sub</strong></span> <span class='ocrx_word' id='word_1_207' title='bbox 833 2955 1019 3018; x_wconf 87' lang='lat' dir='ltr'><strong>iurisdictione,</strong></span> <span class='ocrx_word' id='word_1_208' title='bbox 1038 2954 1081 3021; x_wconf 90' lang='lat' dir='ltr'><strong>qui</strong></span> <span class='ocrx_word' id='word_1_209' title='bbox 1099 2952 1213 3007; x_wconf 88' lang='lat' dir='ltr'><strong>decerta</strong></span> <span class='ocrx_word' id='word_1_210' title='bbox 1230 2953 1338 3012; x_wconf 88' lang='lat' dir='ltr'><strong>alicuius</strong></span> <span class='ocrx_word' id='word_1_211' title='bbox 1354 2969 1383 3006; x_wconf 86' lang='lat' dir='ltr'><strong>ra</strong></span> <span class='ocrx_word' id='word_1_212' title='bbox 1399 2953 1493 3015; x_wconf 78' lang='lat' dir='ltr'><strong>iudicat</strong></span> 
     </span>
     <span class='ocr_line' id='line_1_25' title="bbox 345 3038 1493 3108; baseline -0.003 -16"><span class='ocrx_word' id='word_1_213' title='bbox 345 3040 393 3092; x_wconf 91' lang='lat' dir='ltr'><strong>sub</strong></span> <span class='ocrx_word' id='word_1_214' title='bbox 410 3043 548 3108; x_wconf 87' lang='lat' dir='ltr'><strong>potestate,</strong></span> <span class='ocrx_word' id='word_1_215' title='bbox 566 3041 608 3093; x_wconf 86' lang='lat' dir='ltr'><strong>eui</strong></span> <span class='ocrx_word' id='word_1_216' title='bbox 625 3043 709 3093; x_wconf 91' lang='lat' dir='ltr'><strong>status</strong></span> <span class='ocrx_word' id='word_1_217' title='bbox 728 3042 758 3093; x_wconf 79' lang='lat' dir='ltr'><strong>ac</strong></span> <span class='ocrx_word' id='word_1_218' title='bbox 774 3041 1033 3093; x_wconf 81' lang='lat' dir='ltr'><strong>fortuna-commissa</strong></span> <span class='ocrx_word' id='word_1_219' title='bbox 1050 3043 1119 3093; x_wconf 91' lang='lat' dir='ltr'><strong>sunt.</strong></span> <span class='ocrx_word' id='word_1_220' title='bbox 1153 3039 1192 3092; x_wconf 92' lang='lat' dir='ltr'><strong>De</strong></span> <span class='ocrx_word' id='word_1_221' title='bbox 1209 3055 1238 3092; x_wconf 90' lang='lat' dir='ltr'><strong>re</strong></span> <span class='ocrx_word' id='word_1_222' title='bbox 1253 3039 1312 3107; x_wconf 90' lang='lat' dir='ltr'><strong>ipsa</strong></span> <span class='ocrx_word' id='word_1_223' title='bbox 1329 3040 1362 3093; x_wconf 87' lang='lat' dir='ltr'><strong>ef.</strong></span> <span class='ocrx_word' id='word_1_224' title='bbox 1379 3038 1493 3105; x_wconf 70' lang='lat' dir='ltr'><strong>§bissa</strong></span> 
     </span>
     <span class='ocr_line' id='line_1_26' title="bbox 344 3124 1494 3195; baseline 0.003 -18"><span class='ocrx_word' id='word_1_225' title='bbox 344 3152 378 3164; x_wconf 89' lang='lat'><em>-</em></span> <span class='ocrx_word' id='word_1_226' title='bbox 395 3125 428 3178; x_wconf 87' lang='lat' dir='ltr'><strong>ab</strong></span> <span class='ocrx_word' id='word_1_227' title='bbox 445 3125 560 3178; x_wconf 78' lang='lat' dir='ltr'><strong>manibus</strong></span> <span class='ocrx_word' id='word_1_228' title='bbox 576 3126 688 3195; x_wconf 79' lang='lat' dir='ltr'><strong>repibas,</strong></span> <span class='ocrx_word' id='word_1_229' title='bbox 704 3126 830 3195; x_wconf 65' lang='lat' dir='ltr'><strong>parabas.</strong></span> <span class='ocrx_word' id='word_1_230' title='bbox 861 3126 920 3179; x_wconf 90' lang='lat' dir='ltr'><strong>Non</strong></span> <span class='ocrx_word' id='word_1_231' title='bbox 939 3143 997 3179; x_wconf 89' lang='lat' dir='ltr'><strong>eum</strong></span> <span class='ocrx_word' id='word_1_232' title='bbox 1019 3126 1152 3195; x_wconf 82' lang='lat' dir='ltr'><strong>redigendi</strong></span> <span class='ocrx_word' id='word_1_233' title='bbox 1169 3125 1262 3188; x_wconf 79' lang='lat' dir='ltr'><strong>verbo,</strong></span> <span class='ocrx_word' id='word_1_234' title='bbox 1281 3126 1351 3194; x_wconf 91' lang='lat' dir='ltr'><strong>quod</strong></span> <span class='ocrx_word' id='word_1_235' title='bbox 1368 3124 1494 3186; x_wconf 77' lang='lat' dir='ltr'><strong>antecedit,</strong></span> 
     </span>
     <span class='ocr_line' id='line_1_27' title="bbox 345 3199 1495 3282; baseline 0.001 -22"><span class='ocrx_word' id='word_1_236' title='bbox 345 3209 390 3261; x_wconf 88' lang='lat' dir='ltr'><strong>sed</strong></span> <span class='ocrx_word' id='word_1_237' title='bbox 406 3223 463 3260; x_wconf 91' lang='lat' dir='ltr'><strong>cum</strong></span> <span class='ocrx_word' id='word_1_238' title='bbox 480 3223 524 3272; x_wconf 90' lang='lat' dir='ltr'><strong>eo,</strong></span> <span class='ocrx_word' id='word_1_239' title='bbox 546 3209 614 3276; x_wconf 91' lang='lat' dir='ltr'><strong>quod</strong></span> <span class='ocrx_word' id='word_1_240' title='bbox 635 3211 750 3277; x_wconf 90' lang='lat' dir='ltr'><strong>sequitur</strong></span> <span class='ocrx_word' id='word_1_241' title='bbox 766 3209 875 3277; x_wconf 82' lang='lat' dir='ltr'><strong>cogendi</strong></span> <span class='ocrx_word' id='word_1_242' title='bbox 899 3199 1035 3280; x_wconf 84' lang='lat' dir='ltr'><strong>coniunge3</strong></span> <span class='ocrx_word' id='word_1_243' title='bbox 1058 3211 1195 3282; x_wconf 76' lang='lat' dir='ltr'><strong>vectigalia</strong></span> <span class='ocrx_word' id='word_1_244' title='bbox 1215 3212 1284 3265; x_wconf 92' lang='lat' dir='ltr'><strong>enim</strong></span> <span class='ocrx_word' id='word_1_245' title='bbox 1306 3216 1381 3265; x_wconf 89' lang='lat' dir='ltr'><strong>eraut</strong></span> <span class='ocrx_word' id='word_1_246' title='bbox 1402 3214 1495 3281; x_wconf 86' lang='lat' dir='ltr'><strong>praeter</strong></span> 
     </span>
     <span class='ocr_line' id='line_1_28' title="bbox 344 3293 1495 3365; baseline 0.005 -21"><span class='ocrx_word' id='word_1_247' title='bbox 344 3307 418 3360; x_wconf 85' lang='lat' dir='ltr'><strong>reges</strong></span> <span class='ocrx_word' id='word_1_248' title='bbox 430 3295 456 3344; x_wconf 91' lang='lat' dir='ltr'><strong>et</strong></span> <span class='ocrx_word' id='word_1_249' title='bbox 465 3294 561 3358; x_wconf 84' lang='lat' dir='ltr'><strong>gentes.</strong></span> <span class='ocrx_word' id='word_1_250' title='bbox 588 3293 824 3347; x_wconf 81' lang='lat' dir='ltr'><strong>Animadvertenda</strong></span> <span class='ocrx_word' id='word_1_251' title='bbox 836 3297 920 3346; x_wconf 88' lang='lat' dir='ltr'><strong>autem</strong></span> <span class='ocrx_word' id='word_1_252' title='bbox 938 3298 978 3347; x_wconf 90' lang='lat' dir='ltr'><strong>est</strong></span> <span class='ocrx_word' id='word_1_253' title='bbox 989 3297 1146 3364; x_wconf 86' lang='lat' dir='ltr'><strong>praepositio</strong></span> <span class='ocrx_word' id='word_1_254' title='bbox 1163 3296 1280 3365; x_wconf 85' lang='lat' dir='ltr'><strong>ab,&#39;quae</strong></span> <span class='ocrx_word' id='word_1_255' title='bbox 1297 3296 1495 3364; x_wconf 78' lang='lat' dir='ltr'><strong>imperatoribus,</strong></span> 
     </span>
     <span class='ocr_line' id='line_1_29' title="bbox 345 3379 1495 3450; baseline 0.003 -21"><span class='ocrx_word' id='word_1_256' title='bbox 345 3392 451 3446; x_wconf 87' lang='lat' dir='ltr'><strong>quorum</strong></span> <span class='ocrx_word' id='word_1_257' title='bbox 470 3392 547 3430; x_wconf 86' lang='lat' dir='ltr'><strong>causa</strong></span> <span class='ocrx_word' id='word_1_258' title='bbox 571 3379 620 3432; x_wconf 92' lang='lat' dir='ltr'><strong>alio</strong></span> <span class='ocrx_word' id='word_1_259' title='bbox 642 3379 707 3447; x_wconf 85' lang='lat' dir='ltr'><strong>legis</strong></span> <span class='ocrx_word' id='word_1_260' title='bbox 725 3381 810 3448; x_wconf 86' lang='lat' dir='ltr'><strong>capite</strong></span> <span class='ocrx_word' id='word_1_261' title='bbox 828 3381 853 3445; x_wconf 67' lang='grc' dir='ltr'><strong>(ξ</strong></span> <span class='ocrx_word' id='word_1_262' title='bbox 870 3380 915 3445; x_wconf 83' lang='grc'><strong>59)</strong></span> <span class='ocrx_word' id='word_1_263' title='bbox 937 3380 1210 3449; x_wconf 85' lang='lat' dir='ltr'><strong>comprehendebatur,</strong></span> <span class='ocrx_word' id='word_1_264' title='bbox 1230 3382 1377 3436; x_wconf 86' lang='lat' dir='ltr'><strong>necessario</strong></span> <span class='ocrx_word' id='word_1_265' title='bbox 1400 3385 1495 3450; x_wconf 88' lang='lat' dir='ltr'><strong>antepo-</strong></span> 
     </span>
     <span class='ocr_line' id='line_1_30' title="bbox 345 3462 1496 3540; baseline 0.004 -25"><span class='ocrx_word' id='word_1_266' title='bbox 345 3465 422 3517; x_wconf 90' lang='lat' dir='ltr'><strong>nitur.</strong></span> <span class='ocrx_word' id='word_1_267' title='bbox 459 3462 532 3528; x_wconf 87' lang='lat' dir='ltr'><strong>Quod</strong></span> <span class='ocrx_word' id='word_1_268' title='bbox 550 3463 581 3516; x_wconf 92' lang='lat' dir='ltr'><strong>de</strong></span> <span class='ocrx_word' id='word_1_269' title='bbox 599 3466 707 3533; x_wconf 89' lang='lat' dir='ltr'><strong>pecunia</strong></span> <span class='ocrx_word' id='word_1_270' title='bbox 724 3465 860 3534; x_wconf 89' lang='lat' dir='ltr'><strong>pendenda</strong></span> <span class='ocrx_word' id='word_1_271' title='bbox 878 3467 958 3534; x_wconf 83' lang='lat' dir='ltr'><strong>addit,</strong></span> <span class='ocrx_word' id='word_1_272' title='bbox 976 3470 1009 3522; x_wconf 90' lang='lat' dir='ltr'><strong>ad</strong></span> <span class='ocrx_word' id='word_1_273' title='bbox 1026 3471 1123 3539; x_wconf 80' lang='lat' dir='ltr'><strong>grande</strong></span> <span class='ocrx_word' id='word_1_274' title='bbox 1137 3471 1249 3540; x_wconf 82' lang='lat' dir='ltr'><strong>vectigal</strong></span> <span class='ocrx_word' id='word_1_275' title='bbox 1266 3470 1386 3538; x_wconf 88' lang='lat' dir='ltr'><strong>pertinet,</strong></span> <span class='ocrx_word' id='word_1_276' title='bbox 1405 3470 1438 3523; x_wconf 87' lang='lat' dir='ltr'><strong>ds</strong></span> <span class='ocrx_word' id='word_1_277' title='bbox 1453 3481 1496 3537; x_wconf 87' lang='lat' dir='ltr'><strong>que</strong></span> 
     </span>
     <span class='ocr_line' id='line_1_31' title="bbox 344 3550 1533 3626; baseline 0.002 -20"><span class='ocrx_word' id='word_1_278' title='bbox 344 3552 410 3617; x_wconf 61' lang='lat'><strong>§56</strong></span> <span class='ocrx_word' id='word_1_279' title='bbox 428 3551 497 3604; x_wconf 93' lang='lat' dir='ltr'><strong>dicit.</strong></span> <span class='ocrx_word' id='word_1_280' title='bbox 515 3579 549 3588; x_wconf 92' lang='lat'><em>-</em></span> <span class='ocrx_word' id='word_1_281' title='bbox 566 3551 653 3606; x_wconf 83' lang='lat' dir='ltr'><strong>iidem.</strong></span> <span class='ocrx_word' id='word_1_282' title='bbox 687 3553 816 3622; x_wconf 90' lang='lat' dir='ltr'><strong>Imprimis</strong></span> <span class='ocrx_word' id='word_1_283' title='bbox 839 3553 888 3606; x_wconf 91' lang='lat' dir='ltr'><strong>hoc</strong></span> <span class='ocrx_word' id='word_1_284' title='bbox 906 3559 1036 3625; x_wconf 89' lang='lat' dir='ltr'><strong>tamquam</strong></span> <span class='ocrx_word' id='word_1_285' title='bbox 1054 3557 1185 3625; x_wconf 84' lang='lat' dir='ltr'><strong>singulare</strong></span> <span class='ocrx_word' id='word_1_286' title='bbox 1206 3557 1312 3626; x_wconf 79' lang='lat' dir='ltr'><strong>exlege</strong></span> <span class='ocrx_word' id='word_1_287' title='bbox 1330 3556 1419 3621; x_wconf 79' lang='lat' dir='ltr'><strong>affert,</strong></span> <span class='ocrx_word' id='word_1_288' title='bbox 1436 3550 1495 3624; x_wconf 70' lang='lat' dir='ltr'><strong>queri</strong></span> <span class='ocrx_word' id='word_1_289' title='bbox 1531 3588 1533 3592; x_wconf 92' lang='lat'><em>-</em></span> 
     </span>
     <span class='ocr_line' id='line_1_32' title="bbox 343 3636 1497 3710; baseline -0.002 -20"><span class='ocrx_word' id='word_1_290' title='bbox 343 3637 421 3691; x_wconf 83' lang='lat' dir='ltr'><strong>Xriri</strong></span> <span class='ocrx_word' id='word_1_291' title='bbox 438 3640 482 3707; x_wconf 91' lang='lat' dir='ltr'><strong>qui</strong></span> <span class='ocrx_word' id='word_1_292' title='bbox 499 3638 636 3708; x_wconf 80' lang='lat' dir='ltr'><strong>vectigalia</strong></span> <span class='ocrx_word' id='word_1_293' title='bbox 654 3637 831 3704; x_wconf 82' lang='lat' dir='ltr'><strong>vendiderunt,</strong></span> <span class='ocrx_word' id='word_1_294' title='bbox 848 3639 926 3694; x_wconf 90' lang='lat' dir='ltr'><strong>iidem</strong></span> <span class='ocrx_word' id='word_1_295' title='bbox 944 3657 1019 3710; x_wconf 84' lang='lat' dir='ltr'><strong>agros</strong></span> <span class='ocrx_word' id='word_1_296' title='bbox 1037 3645 1131 3695; x_wconf 90' lang='lat' dir='ltr'><strong>emunt.</strong></span> <span class='ocrx_word' id='word_1_297' title='bbox 1159 3640 1196 3696; x_wconf 86' lang='lat' dir='ltr'><strong>ef.</strong></span> <span class='ocrx_word' id='word_1_298' title='bbox 1211 3641 1280 3706; x_wconf 72' lang='lat' dir='ltr'><strong>§aa</strong></span> <span class='ocrx_word' id='word_1_299' title='bbox 1306 3638 1346 3693; x_wconf 92' lang='lat' dir='ltr'><strong>De</strong></span> <span class='ocrx_word' id='word_1_300' title='bbox 1363 3636 1497 3693; x_wconf 72' lang='lat' dir='ltr'><strong>inducendi</strong></span> 
     </span>
     <span class='ocr_line' id='line_1_33' title="bbox 344 3726 1472 3807; baseline 0.003 -29"><span class='ocrx_word' id='word_1_301' title='bbox 344 3727 421 3779; x_wconf 83' lang='lat' dir='ltr'><strong>verbo</strong></span> <span class='ocrx_word' id='word_1_302' title='bbox 439 3726 471 3779; x_wconf 90' lang='lat' dir='ltr'><strong>cf.</strong></span> <span class='ocrx_word' id='word_1_303' title='bbox 489 3726 557 3791; x_wconf 67' lang='lat' dir='ltr'><strong>§ib</strong></span> <span class='ocrx_word' id='word_1_304' title='bbox 1109 3767 1113 3774; x_wconf 93' lang='lat'>.</span> <span class='ocrx_word' id='word_1_305' title='bbox 1393 3768 1398 3773; x_wconf 86' lang='lat'>.</span> <span class='ocrx_word' id='word_1_306' title='bbox 1466 3794 1472 3807; x_wconf 42' lang='lat'><strong>·</strong></span> 
     </span>
     <span class='ocr_line' id='line_1_34' title="bbox 431 3812 1496 3885; baseline 0.001 -20"><span class='ocrx_word' id='word_1_307' title='bbox 431 3812 472 3865; x_wconf 84' lang='lat'><strong>99.</strong></span> <span class='ocrx_word' id='word_1_308' title='bbox 489 3814 582 3867; x_wconf 83' lang='lat' dir='ltr'><strong>cestria</strong></span> <span class='ocrx_word' id='word_1_309' title='bbox 599 3813 732 3868; x_wconf 82' lang='lat' dir='ltr'><strong>militibus.</strong></span> <span class='ocrx_word' id='word_1_310' title='bbox 767 3815 853 3868; x_wconf 81' lang='lat' dir='ltr'><strong>Foede</strong></span> <span class='ocrx_word' id='word_1_311' title='bbox 872 3815 928 3869; x_wconf 91' lang='lat' dir='ltr'><strong>cod.</strong></span> <span class='ocrx_word' id='word_1_312' title='bbox 946 3815 1008 3885; x_wconf 81' lang='lat' dir='ltr'><strong>Lag.</strong></span> <span class='ocrx_word' id='word_1_313' title='bbox 1022 3816 1037 3868; x_wconf 84' lang='lat'>9</span> <span class='ocrx_word' id='word_1_314' title='bbox 1055 3815 1196 3885; x_wconf 88' lang='lat' dir='ltr'><strong>paruimus,</strong></span> <span class='ocrx_word' id='word_1_315' title='bbox 1214 3813 1282 3883; x_wconf 90' lang='lat' dir='ltr'><strong>quod</strong></span> <span class='ocrx_word' id='word_1_316' title='bbox 1298 3813 1325 3867; x_wconf 91' lang='lat' dir='ltr'><strong>iu</strong></span> <span class='ocrx_word' id='word_1_317' title='bbox 1339 3813 1448 3882; x_wconf 86' lang='lat' dir='ltr'><strong>reliquis</strong></span> <span class='ocrx_word' id='word_1_318' title='bbox 1463 3812 1496 3866; x_wconf 82' lang='lat' dir='ltr'><strong>in-</strong></span> 
     </span>
     <span class='ocr_line' id='line_1_35' title="bbox 344 3897 1497 3968; baseline 0.003 -20"><span class='ocrx_word' id='word_1_319' title='bbox 344 3897 438 3949; x_wconf 86' lang='lat' dir='ltr'><strong>seritur</strong></span> <span class='ocrx_word' id='word_1_320' title='bbox 459 3898 552 3950; x_wconf 68' lang='lat' dir='ltr'><strong>vescia</strong></span> <span class='ocrx_word' id='word_1_321' title='bbox 577 3898 682 3952; x_wconf 80' lang='lat' dir='ltr'><strong>orbibus</strong></span> <span class='ocrx_word' id='word_1_322' title='bbox 708 3900 842 3953; x_wconf 89' lang='lat' dir='ltr'><strong>emittenti.</strong></span> <span class='ocrx_word' id='word_1_323' title='bbox 878 3900 979 3954; x_wconf 56' lang='lat' dir='ltr'><strong>‘Geuuit</strong></span> <span class='ocrx_word' id='word_1_324' title='bbox 1000 3901 1027 3954; x_wconf 92' lang='lat' dir='ltr'><strong>id</strong></span> <span class='ocrx_word' id='word_1_325' title='bbox 1052 3901 1151 3954; x_wconf 89' lang='lat' dir='ltr'><strong>librarii</strong></span> <span class='ocrx_word' id='word_1_326' title='bbox 1174 3900 1305 3953; x_wconf 89' lang='lat' dir='ltr'><strong>sedulitas.</strong></span> <span class='ocrx_word' id='word_1_327' title='bbox 1346 3899 1383 3953; x_wconf 77' lang='lat' dir='ltr'><strong>At</strong></span> <span class='ocrx_word' id='word_1_328' title='bbox 1407 3897 1497 3968; x_wconf 84' lang='lat' dir='ltr'><strong>oppida</strong></span> 
     </span>
     <span class='ocr_line' id='line_1_36' title="bbox 344 3982 1497 4056; baseline 0.002 -21"><span class='ocrx_word' id='word_1_329' title='bbox 344 3987 412 4036; x_wconf 88' lang='lat' dir='ltr'><strong>certe</strong></span> <span class='ocrx_word' id='word_1_330' title='bbox 430 3982 560 4052; x_wconf 90' lang='lat' dir='ltr'><strong>appellare</strong></span> <span class='ocrx_word' id='word_1_331' title='bbox 578 3984 679 4050; x_wconf 79' lang='lat' dir='ltr'><strong>debuit3</strong></span> <span class='ocrx_word' id='word_1_332' title='bbox 702 3986 759 4054; x_wconf 90' lang='lat' dir='ltr'><strong>quis</strong></span> <span class='ocrx_word' id='word_1_333' title='bbox 777 3987 844 4038; x_wconf 87' lang='lat' dir='ltr'><strong>euim</strong></span> <span class='ocrx_word' id='word_1_334' title='bbox 866 3987 992 4052; x_wconf 89' lang='lat' dir='ltr'><strong>colonias,</strong></span> <span class='ocrx_word' id='word_1_335' title='bbox 1016 4004 1080 4056; x_wconf 91' lang='lat' dir='ltr'><strong>quas</strong></span> <span class='ocrx_word' id='word_1_336' title='bbox 1098 3987 1189 4040; x_wconf 89' lang='lat' dir='ltr'><strong>Rullus</strong></span> <span class='ocrx_word' id='word_1_337' title='bbox 1213 3986 1338 4040; x_wconf 89' lang='lat' dir='ltr'><strong>deducere</strong></span> <span class='ocrx_word' id='word_1_338' title='bbox 1363 3987 1497 4056; x_wconf 81' lang='lat' dir='ltr'><strong>cogitabat,</strong></span> 
     </span>
     <span class='ocr_line' id='line_1_37' title="bbox 344 4071 1498 4137; baseline 0 -14"><span class='ocrx_word' id='word_1_339' title='bbox 344 4071 420 4137; x_wconf 88' lang='lat' dir='ltr'><strong>urbes</strong></span> <span class='ocrx_word' id='word_1_340' title='bbox 438 4071 549 4124; x_wconf 81' lang='lat' dir='ltr'><strong>dixerit?</strong></span> <span class='ocrx_word' id='word_1_341' title='bbox 566 4101 600 4110; x_wconf 90' lang='lat'>—</span> <span class='ocrx_word' id='word_1_342' title='bbox 623 4075 703 4126; x_wconf 83' lang='lat' dir='ltr'><strong>tutati</strong></span> <span class='ocrx_word' id='word_1_343' title='bbox 725 4091 824 4137; x_wconf 72' lang='lat' dir='ltr'><strong>maras,</strong></span> <span class='ocrx_word' id='word_1_344' title='bbox 842 4075 963 4128; x_wconf 82' lang='lat' dir='ltr'><strong>victoria.</strong></span> <span class='ocrx_word' id='word_1_345' title='bbox 999 4071 1152 4126; x_wconf 76' lang='lat' dir='ltr'><strong>Coniectura</strong></span> <span class='ocrx_word' id='word_1_346' title='bbox 1167 4073 1232 4126; x_wconf 88' lang='lat' dir='ltr'><strong>haec</strong></span> <span class='ocrx_word' id='word_1_347' title='bbox 1249 4071 1498 4137; x_wconf 61' lang='lat' dir='ltr'><strong>succursores</strong></span> 
     </span>
     <span class='ocr_line' id='line_1_38' title="bbox 278 4145 1498 4229; baseline -0.002 -20"><span class='ocrx_word' id='word_1_348' title='bbox 278 4185 280 4189; x_wconf 19' lang='grc' dir='ltr'><em>Α</em></span> <span class='ocrx_word' id='word_1_349' title='bbox 345 4157 487 4222; x_wconf 86' lang='lat' dir='ltr'><strong>certissima</strong></span> <span class='ocrx_word' id='word_1_350' title='bbox 504 4161 531 4210; x_wconf 89' lang='lat' dir='ltr'><strong>et</strong></span> <span class='ocrx_word' id='word_1_351' title='bbox 547 4157 681 4223; x_wconf 83' lang='lat' dir='ltr'><strong>facillima,</strong></span> <span class='ocrx_word' id='word_1_352' title='bbox 699 4161 890 4229; x_wconf 87' lang='lat' dir='ltr'><strong>apparebatque</strong></span> <span class='ocrx_word' id='word_1_353' title='bbox 913 4145 938 4213; x_wconf 86' lang='lat' dir='ltr'><strong>h&#39;.</strong></span> <span class='ocrx_word' id='word_1_354' title='bbox 955 4158 972 4211; x_wconf 92' lang='lat' dir='ltr'><strong>l.</strong></span> <span class='ocrx_word' id='word_1_355' title='bbox 990 4158 1086 4211; x_wconf 91' lang='lat' dir='ltr'><strong>codicis</strong></span> <span class='ocrx_word' id='word_1_356' title='bbox 1105 4158 1121 4210; x_wconf 88' lang='grc'>9</span> <span class='ocrx_word' id='word_1_357' title='bbox 1138 4158 1235 4222; x_wconf 69' lang='lat' dir='ltr'><strong>vinus,</strong></span> <span class='ocrx_word' id='word_1_358' title='bbox 1257 4157 1301 4225; x_wconf 94' lang='lat' dir='ltr'><strong>qui</strong></span> <span class='ocrx_word' id='word_1_359' title='bbox 1323 4156 1393 4225; x_wconf 90' lang='lat' dir='ltr'><strong>quod</strong></span> <span class='ocrx_word' id='word_1_360' title='bbox 1410 4153 1498 4223; x_wconf 81' lang='lat' dir='ltr'><strong>reliqui</strong></span> 
     </span>
     <span class='ocr_line' id='line_1_39' title="bbox 346 4234 1499 4297; baseline 0.003 -5"><span class='ocrx_word' id='word_1_361' title='bbox 346 4241 485 4295; x_wconf 87' lang='lat' dir='ltr'><strong>omiserunt</strong></span> <span class='ocrx_word' id='word_1_362' title='bbox 502 4234 608 4294; x_wconf 87' lang='lat' dir='ltr'><strong>verbum</strong></span> <span class='ocrx_word' id='word_1_363' title='bbox 632 4243 702 4296; x_wconf 89' lang='lat' dir='ltr'><strong>solus</strong></span> <span class='ocrx_word' id='word_1_364' title='bbox 725 4244 831 4297; x_wconf 86' lang='lat' dir='ltr'><strong>addidit.</strong></span> <span class='ocrx_word' id='word_1_365' title='bbox 865 4243 928 4297; x_wconf 89' lang='lat' dir='ltr'><strong>Inde</strong></span> <span class='ocrx_word' id='word_1_366' title='bbox 945 4247 1022 4296; x_wconf 89' lang='lat' dir='ltr'><strong>natae</strong></span> <span class='ocrx_word' id='word_1_367' title='bbox 1043 4247 1104 4296; x_wconf 89' lang='lat' dir='ltr'><strong>suut</strong></span> <span class='ocrx_word' id='word_1_368' title='bbox 1124 4244 1219 4296; x_wconf 88' lang='lat' dir='ltr'><strong>multae</strong></span> <span class='ocrx_word' id='word_1_369' title='bbox 1236 4244 1351 4296; x_wconf 75' lang='lat' dir='ltr'><strong>virorum</strong></span> <span class='ocrx_word' id='word_1_370' title='bbox 1370 4242 1499 4296; x_wconf 84' lang='lat' dir='ltr'><strong>doctorum</strong></span> 
     </span>
     <span class='ocr_line' id='line_1_40' title="bbox 347 4324 1499 4398; baseline 0.003 -22"><span class='ocrx_word' id='word_1_371' title='bbox 347 4324 518 4378; x_wconf 89' lang='lat' dir='ltr'><strong>dubitationes</strong></span> <span class='ocrx_word' id='word_1_372' title='bbox 536 4330 562 4378; x_wconf 90' lang='lat' dir='ltr'><strong>et</strong></span> <span class='ocrx_word' id='word_1_373' title='bbox 579 4327 782 4394; x_wconf 89' lang='lat' dir='ltr'><strong>emendationes,</strong></span> <span class='ocrx_word' id='word_1_374' title='bbox 805 4330 866 4382; x_wconf 90' lang='lat' dir='ltr'><strong>dum</strong></span> <span class='ocrx_word' id='word_1_375' title='bbox 883 4330 987 4383; x_wconf 89' lang='lat' dir='ltr'><strong>tandem</strong></span> <span class='ocrx_word' id='word_1_376' title='bbox 1004 4331 1172 4384; x_wconf 88' lang='lat' dir='ltr'><strong>recentissimi</strong></span> <span class='ocrx_word' id='word_1_377' title='bbox 1189 4331 1300 4384; x_wconf 88' lang='lat' dir='ltr'><strong>editores</strong></span> <span class='ocrx_word' id='word_1_378' title='bbox 1318 4330 1421 4391; x_wconf 79' lang='lat' dir='ltr'><strong>eiectis,</strong></span> <span class='ocrx_word' id='word_1_379' title='bbox 1438 4341 1499 4398; x_wconf 84' lang='lat' dir='ltr'><strong>qnae</strong></span> 
     </span>
     <span class='ocr_line' id='line_1_41' title="bbox 345 4410 1500 4487; baseline 0.001 -23"><span class='ocrx_word' id='word_1_380' title='bbox 345 4410 426 4464; x_wconf 90' lang='lat' dir='ltr'><strong>libido</strong></span> <span class='ocrx_word' id='word_1_381' title='bbox 444 4413 541 4479; x_wconf 82' lang='lat' dir='ltr'><strong>genuit,</strong></span> <span class='ocrx_word' id='word_1_382' title='bbox 558 4414 676 4467; x_wconf 88' lang='lat' dir='ltr'><strong>lacunam</strong></span> <span class='ocrx_word' id='word_1_383' title='bbox 694 4416 839 4485; x_wconf 81' lang='lat' dir='ltr'><strong>significare</strong></span> <span class='ocrx_word' id='word_1_384' title='bbox 861 4434 937 4487; x_wconf 91' lang='lat' dir='ltr'><strong>quam</strong></span> <span class='ocrx_word' id='word_1_385' title='bbox 955 4417 1058 4486; x_wconf 83' lang='lat' dir='ltr'><strong>explere</strong></span> <span class='ocrx_word' id='word_1_386' title='bbox 1079 4417 1231 4471; x_wconf 88' lang='lat' dir='ltr'><strong>maluerunt.</strong></span> <span class='ocrx_word' id='word_1_387' title='bbox 1267 4415 1341 4481; x_wconf 78' lang='lat' dir='ltr'><strong>Quod</strong></span> <span class='ocrx_word' id='word_1_388' title='bbox 1363 4419 1450 4470; x_wconf 85' lang='lat' dir='ltr'><strong>autem</strong></span> <span class='ocrx_word' id='word_1_389' title='bbox 1466 4414 1500 4467; x_wconf 87' lang='lat' dir='ltr'><strong>sit</strong></span> 
     </span>
     <span class='ocr_line' id='line_1_42' title="bbox 345 4490 1499 4572; baseline 0.003 -23"><span class='ocrx_word' id='word_1_390' title='bbox 345 4490 436 4550; x_wconf 78' lang='lat' dir='ltr'><strong>boram</strong></span> <span class='ocrx_word' id='word_1_391' title='bbox 453 4506 589 4567; x_wconf 82' lang='lat' dir='ltr'><strong>conspecta</strong></span> <span class='ocrx_word' id='word_1_392' title='bbox 603 4502 721 4570; x_wconf 79' lang='lat' dir='ltr'><strong>privare,</strong></span> <span class='ocrx_word' id='word_1_393' title='bbox 739 4505 850 4571; x_wconf 88' lang='lat' dir='ltr'><strong>pertinet</strong></span> <span class='ocrx_word' id='word_1_394' title='bbox 867 4505 901 4557; x_wconf 92' lang='lat' dir='ltr'><strong>ad</strong></span> <span class='ocrx_word' id='word_1_395' title='bbox 918 4504 1025 4558; x_wconf 79' lang='lat' dir='ltr'><strong>insidias</strong></span> <span class='ocrx_word' id='word_1_396' title='bbox 1042 4503 1101 4557; x_wconf 88' lang='lat' dir='ltr'><strong>illas</strong></span> <span class='ocrx_word' id='word_1_397' title='bbox 1113 4504 1237 4572; x_wconf 88' lang='lat' dir='ltr'><strong>Pompeio</strong></span> <span class='ocrx_word' id='word_1_398' title='bbox 1255 4503 1345 4567; x_wconf 85' lang='lat' dir='ltr'><strong>factas,</strong></span> <span class='ocrx_word' id='word_1_399' title='bbox 1364 4501 1499 4570; x_wconf 89' lang='lat' dir='ltr'><strong>dequibus</strong></span> 
     </span>
     <span class='ocr_line' id='line_1_43' title="bbox 346 4583 1500 4660; baseline -0.001 -21"><span class='ocrx_word' id='word_1_400' title='bbox 346 4586 360 4651; x_wconf 73' lang='grc' dir='ltr'><strong>ξ</strong></span> <span class='ocrx_word' id='word_1_401' title='bbox 377 4583 412 4639; x_wconf 85' lang='grc'><strong>54</strong></span> <span class='ocrx_word' id='word_1_402' title='bbox 430 4583 507 4651; x_wconf 84' lang='lat' dir='ltr'><strong>dixit,</strong></span> <span class='ocrx_word' id='word_1_403' title='bbox 530 4587 623 4655; x_wconf 89' lang='lat' dir='ltr'><strong>quibus</strong></span> <span class='ocrx_word' id='word_1_404' title='bbox 646 4588 758 4651; x_wconf 79' lang='lat' dir='ltr'><strong>futurum</strong></span> <span class='ocrx_word' id='word_1_405' title='bbox 775 4594 868 4660; x_wconf 85' lang='lat' dir='ltr'><strong>putat„</strong></span> <span class='ocrx_word' id='word_1_406' title='bbox 880 4595 910 4644; x_wconf 91' lang='lat' dir='ltr'><strong>ut</strong></span> <span class='ocrx_word' id='word_1_407' title='bbox 926 4591 970 4644; x_wconf 90' lang='lat' dir='ltr'><strong>ille</strong></span> <span class='ocrx_word' id='word_1_408' title='bbox 986 4607 1001 4644; x_wconf 91' lang='lat' dir='ltr'><strong>e</strong></span> <span class='ocrx_word' id='word_1_409' title='bbox 1018 4591 1122 4644; x_wconf 79' lang='lat' dir='ltr'><strong>civitate</strong></span> <span class='ocrx_word' id='word_1_410' title='bbox 1135 4590 1263 4644; x_wconf 74' lang='lat' dir='ltr'><strong>&#39;eiiciatun</strong></span> <span class='ocrx_word' id='word_1_411' title='bbox 1293 4616 1327 4627; x_wconf 98' lang='lat'>-</span> <span class='ocrx_word' id='word_1_412' title='bbox 1353 4604 1461 4642; x_wconf 71' lang='lat' dir='ltr'><strong>canere</strong></span> <span class='ocrx_word' id='word_1_413' title='bbox 1476 4591 1500 4639; x_wconf 84' lang='lat' dir='ltr'><strong>ct</strong></span> 
     </span>
     <span class='ocr_line' id='line_1_44' title="bbox 345 4668 1499 4746; baseline -0.004 -17"><span class='ocrx_word' id='word_1_414' title='bbox 345 4668 488 4743; x_wconf 62' lang='lat' dir='ltr'><strong>suffragiis,</strong></span> <span class='ocrx_word' id='word_1_415' title='bbox 528 4672 576 4728; x_wconf 84' lang='lat' dir='ltr'><strong>list</strong></span> <span class='ocrx_word' id='word_1_416' title='bbox 597 4691 702 4729; x_wconf 80' lang='lat' dir='ltr'><strong>ramere</strong></span> <span class='ocrx_word' id='word_1_417' title='bbox 724 4690 823 4741; x_wconf 88' lang='lat' dir='ltr'><strong>eorum,</strong></span> <span class='ocrx_word' id='word_1_418' title='bbox 849 4676 894 4746; x_wconf 85' lang='lat' dir='ltr'><strong>qui</strong></span> <span class='ocrx_word' id='word_1_419' title='bbox 920 4677 989 4744; x_wconf 83' lang='lat' dir='ltr'><strong>leges</strong></span> <span class='ocrx_word' id='word_1_420' title='bbox 1012 4675 1053 4731; x_wconf 83' lang='lat' dir='ltr'><strong>rel</strong></span> <span class='ocrx_word' id='word_1_421' title='bbox 1077 4674 1206 4743; x_wconf 85' lang='lat' dir='ltr'><strong>accipiunt</strong></span> <span class='ocrx_word' id='word_1_422' title='bbox 1226 4674 1265 4728; x_wconf 81' lang='lat' dir='ltr'><strong>vel</strong></span> <span class='ocrx_word' id='word_1_423' title='bbox 1289 4672 1499 4742; x_wconf 52' lang='lat' dir='ltr'><strong>uon-accipisne</strong></span> 
     </span>
    </p>
   </div>
   <div class='ocr_carea' id='block_1_5' title="bbox 0 0 1783 5492">
    <p class='ocr_par' dir='ltr' id='par_1_5' title="bbox 0 0 1783 5492">
     <span class='ocr_line' id='line_1_45' title="bbox 0 0 1783 5492; baseline 0 0"><span class='ocrx_word' id='word_1_424' title='bbox 0 0 1783 5492; x_wconf 95' lang='lat' dir='ltr'><strong> </strong></span> 
     </span>
    </p>
   </div>
  </div>
 </body>
</html>
