3550 5492
760 543 1093 641 '-1re-

399 735 553 823 pendero?
601 736 682 812 Quid
710 757 762 802 vos
784 737 877 803 Asiae
903 744 1024 824 portus,
1051 738 1125 823 quid
1153 737 1319 825 scriptura,
1347 741 1423 826 quid
1451 742 1544 807 omnia

399 838 607 906 transmarina
620 839 783 923 vectigalia
796 840 950 906 iuvabunt
971 841 1154 907 tenuissima
1175 842 1350 928 suspicione
1364 844 1545 930 praedonum

357 958 388 1013 81
400 950 455 1009 eut
476 943 611 1008 hostium
632 942 767 1009 iniecta?
815 946 860 1010 At
887 966 958 1010 vero
985 945 1042 1011 hoc
1069 947 1134 1029 agri
1156 946 1306 1032 Campani
1328 949 1462 1033 vectigal
1483 970 1545 1014 cum

353 1062 356 1067 ’
400 1046 551 1111 eiusmodi
573 1047 628 1129 sit,
650 1053 687 1112 ut
707 1068 778 1112 cum
800 1047 883 1113 domi
906 1048 948 1114 sit
969 1055 1000 1114 et
1021 1051 1163 1115 omnibus
1184 1051 1346 1135 praesidiis
1373 1051 1546 1138 oppidorum

322 1198 324 1202 ,
399 1155 529 1232 tegatur,
552 1154 619 1213 tum
641 1169 698 1212 nec
719 1148 808 1213 bellis
831 1149 978 1216 infestum
999 1173 1056 1216 nec
1077 1151 1227 1217 fructibus
1250 1148 1373 1218 varium
1393 1175 1452 1235 nec
1473 1155 1546 1220 coelo

401 1273 436 1318 ac
459 1252 525 1317 loco
547 1251 759 1318 calamitosum
787 1274 854 1318 esse
882 1253 987 1338 soleat,
1014 1254 1144 1321 maiores
1172 1255 1269 1321 nostri
1297 1277 1360 1322 non
1388 1256 1490 1323 solum
1509 1257 1545 1340 id,

484 1445 539 1492 Quia
551 1454 589 1485 aas
602 1445 673 1485 Asiae.
686 1464 711 1475 -
725 1444 756 1486 81.
770 1447 874 1485 eiusmodi
885 1450 923 1487 est.
935 1466 960 1474 —
974 1449 1017 1487 tum
1030 1455 1095 1494 neque
1109 1447 1175 1488 bellis.
1190 1467 1213 1475 -
1227 1455 1271 1488 esre
1284 1448 1343 1496 solet,
1355 1446 1460 1488 maiores.

398 1602 482 1656 hardt.
501 1598 821 1667 Obserr.critic.IIp.10;
839 1617 898 1653 narn
916 1600 1015 1655 codices
1033 1601 1134 1669 quidem
1152 1617 1240 1656 omnes
1258 1602 1340 1656 nostri
1357 1599 1441 1654 Asiae
1456 1606 1548 1670 portus,

399 1688 464 1756 quid
472 1687 569 1757 Syriae
588 1702 652 1738 cura
669 1684 798 1750 exhibent,
817 1685 860 1738 alii
877 1685 979 1754 quidem
996 1704 1087 1756 parum
1104 1687 1166 1741 boni
1182 1686 1264 1742 Asiae
1272 1674 1374 1758 portus,
1387 1684 1548 1756 qutasprm

399 1791 472 1839 ruera,
491 1774 559 1844 quod
576 1773 723 1827 coniectura
740 1771 839 1825 librarii
855 1789 947 1841 parurn
970 1775 1046 1842 periti
1064 1772 1148 1828 ortum
1170 1776 1217 1828 est.
1252 1773 1288 1826 At
1304 1773 1349 1826 ille
1372 1770 1549 1826 demonstrarit

399 1861 509 1930 primum
526 1877 592 1913 rura
611 1859 679 1929 apud
697 1857 846 1912 Ciceronem
863 1873 916 1912 non
936 1874 1015 1927 posse
1031 1859 1142 1928 intelligi
1164 1859 1215 1912 nisi
1237 1858 1312 1911 villas
1335 1874 1393 1911 cnm
1415 1872 1479 1927 agro
1496 1871 1549 1910 oon·

398 1946 506 2010 iunctas,
524 1961 571 1998 nec
582 1945 716 2014 quisquam
731 1941 805 1994 facile
818 1943 915 2011 pepuli
925 1940 1039 1997 Romami
1054 1961 1121 1997 rura
1138 1944 1239 2010 dixerit,
1253 1943 1345 1997 deinde
1360 1942 1472 2012 Syriam,
1490 1956 1549 2011 quas

400 2031 512 2085 nondum
530 2031 663 2100 prouincia
679 2029 779 2092 fuisset,
797 2043 862 2096 quae
879 2028 928 2082 hoc
946 2030 1003 2097 ipso
1021 2034 1136 2100 tempore
1155 2031 1274 2085 hostibus
1285 2045 1345 2099 pop.
1354 2030 1429 2084 Rom.
1440 2030 1473 2083 ab
1481 2029 1550 2083 Pom·

400 2116 459 2185 peio
476 2115 625 2182 eriperetur,
642 2127 694 2165 non
711 2113 825 2179 potuisse
843 2117 1042 2169 commemorari.
1068 2116 1170 2172 Addere
1188 2117 1283 2181 debuit,
1301 2131 1358 2168 cum
1377 2113 1549 2168 massmariua

379 2200 537 2278 'vectigalia
555 2216 587 2253 ex
605 2196 788 2252 consuetudine
805 2197 979 2269 Rornanorum
997 2201 1049 2254 sint
1066 2217 1109 2266 ea,
1133 2217 1197 2270 quae
1214 2201 1283 2253 ultra
1300 2216 1369 2252 mare
1386 2199 1487 2253 lonium
1503 2198 1549 2251 sint

399 2301 446 2338 nec
463 2286 572 2339 Graecia
589 2300 700 2353 unquam
718 2285 825 2351 propter
838 2284 1001 2353 vectigalium
1018 2286 1160 2339 ubertatem
1181 2287 1330 2350 celebretur,
1348 2301 1426 2338 unam
1438 2283 1548 2353 potuisse

400 2371 526 2425 nominari
550 2371 708 2440 prouinciam
725 2368 828 2434 Asiam3
850 2387 909 2423 narn
927 2369 1062 2437 Bithynia,
1085 2368 1188 2434 Cilicia,
1206 2369 1283 2438 Syria
1306 2369 1407 2421 demum
1430 2370 1492 2437 post
1507 2364 1548 2420 (ln.

400 2456 551 2524 Pompeium
569 2457 681 2510 buerunt.
708 2453 768 2523 Ipsa
786 2457 871 2507 autem
888 2454 934 2508 illa
950 2456 1066 2519 mutatio,
1084 2459 1113 2507 ut
1124 2468 1157 2508 ex
1165 2453 1262 2524 Syriae
1280 2453 1401 2508 curabat
1412 2453 1548 2523 scriptura,

399 2541 523 2595 facillima
541 2546 581 2596 est
598 2539 837 2608 commendaturque
855 2541 913 2594 aliis
931 2541 1003 2594 locis.
1039 2540 1106 2602 Nam
1124 2541 1157 2594 ad
1174 2541 1228 2595 htt.
1246 2541 1294 2605 XI,
1314 2542 1352 2605 10,
1371 2541 1384 2592 1
1404 2543 1446 2594 est
1454 2538 1485 2593 P.
1508 2536 1549 2590 Te

400 2627 507 2690 rectius,
524 2641 594 2679 meus
612 2623 781 2687 necessarius,
800 2640 894 2693 operas
915 2625 944 2676 ire
961 2633 1086 2694 portast
1106 2626 1239 2695 saeptum
1256 2625 1337 2679 Asiae
1354 2641 1406 2694 pro
1429 2624 1548 2693 mapistre

400 2711 612 2776 assisinati,
632 2710 672 2774 15,
689 2708 706 2762 3
726 2709 869 2763 Teuma
892 2726 969 2780 saepe
991 2712 1056 2766 dare
1079 2711 1222 2766 tabellariis
1239 2711 1440 2782 publicanorum
1453 2707 1549 2779 poteris

398 2812 447 2866 per
463 2797 601 2865 mapistros
618 2795 765 2864 scripturae
782 2802 807 2848 et
821 2801 913 2863 portus
930 2802 1076 2850 masmar-um
1099 2799 1260 2853 dioecesium.
1285 2795 1382 2849 Portus
1399 2798 1486 2848 autem
1504 2794 1550 2848 sin-

402 2881 484 2950 gulari
502 2897 607 2936 numero
627 2883 674 2948 (sic
692 2880 760 2932 enim
777 2879 901 2948 intellige)
919 2883 960 2933 est
970 2881 987 2934 i.
996 2897 1020 2950 q.
1038 2883 1187 2950 portorium,
1199 2880 1308 2950 vectigal
1324 2881 1418 2948 ipsum,
1436 2877 1506 2948 quod
1521 2893 1550 2930 er

399 2968 525 3021 mercibus
536 2967 563 3020 in
571 2970 661 3036 portus
670 2964 815 3032 importatis
825 2964 933 3032 capitur.
952 2964 1070 3020 Ostendit
1086 2967 1113 3020 id
1130 2985 1155 3036 p.
1164 2967 1214 3036 leg.
1224 2967 1290 3020 llam
1309 2965 1333 3029 6,
1344 2965 1390 3018 lbs
1416 2962 1463 3017 Ita
1475 2977 1549 3032 reaque

399 3069 432 3106 aa
443 3060 533 3123 porta,
550 3068 630 3122 meque
648 3067 680 3104 erc
698 3049 810 3102 decumis
828 3065 909 3118 aeque
926 3065 959 3102 aa
976 3050 1108 3119 scriptura
1125 3050 1239 3119 eectmal
1254 3049 1404 3102 conseruari
1418 3054 1512 3118 potest,
1529 3047 1549 3099 si

401 3142 490 3195 contra
507 3141 618 3206 ponatur
634 3152 660 3203 p.
677 3133 762 3187 Flacc.
781 3132 806 3197 8,
825 3132 858 3185 19
875 3124 1027 3187 Mirandum
1044 3152 1104 3189 cero
1122 3141 1167 3199 est,
1184 3135 1297 3188 laminas
1314 3140 1369 3197 eos,
1387 3133 1479 3202 quibus
1496 3131 1549 3186 odio

400 3232 460 3277 suut
475 3229 579 3277 masmae
597 3235 707 3282 secures,
724 3234 815 3272 amaea
832 3219 977 3284 acerbitati,
994 3223 1137 3292 scriptura,
1155 3223 1284 3285 decumae,
1303 3222 1453 3291 portorium
1469 3218 1549 3282 morti,

400 3311 506 3364 libenter
523 3308 642 3377 arripere
653 3305 810 3375 facultatem
828 3306 954 3360 laedendi.
989 3307 1102 3378 Itemque
1119 3309 1147 3361 in
1164 3307 1237 3363 Verr.
1255 3307 1292 3372 H,
1313 3307 1360 3372 70,
1379 3305 1445 3360 171:
1464 3303 1550 3360 Casa·

400 3397 464 3450 ler'as
481 3411 550 3458 aar,
569 3393 615 3461 qui
630 3392 659 3444 ia
671 3399 752 3461 portu
761 3390 903 3461 Syracusis
921 3408 1013 3462 operas
1030 3393 1121 3457 dabat,
1133 3393 1319 3463 furtaquopue
1330 3391 1407 3444 istius
1420 3389 1550 3459 perruulta

399 3478 551 3533 nominatim
568 3478 605 3530 ad
625 3478 708 3531 aoeies
728 3479 931 3547 perscripserat,
958 3494 989 3531 eu
1011 3496 1077 3547 quae
1103 3480 1158 3532 sime
1172 3480 1291 3548 portorio
1309 3475 1452 3547 Syracusis
1479 3479 1551 3530 eram

400 3571 552 3633 exportata.-
568 3570 672 3630 portum
689 3570 774 3616 autern
791 3570 817 3616 et
833 3563 991 3631 arrepturum
1008 3565 1096 3618 eadere
1113 3565 1222 3618 societas
1239 3564 1354 3618 babebat.

487 3650 529 3706 81.
547 3668 604 3705 eum
621 3649 746 3704 eiusmodi
762 3650 797 3701 sit
813 3677 847 3686 —
864 3649 952 3702 soleat.
985 3648 1042 3702 Una
1064 3650 1091 3702 in
1113 3665 1141 3702 re
1159 3649 1324 3703 discessimus
1346 3646 1378 3699 ab
1400 3645 1487 3700 libris¹
1498 3661 1551 3707 ms,

400 3739 468 3808 qnod
485 3739 567 3792 soleat
583 3738 746 3806 scripsimus,
768 3751 826 3789 cum
847 3735 885 3788 illi
907 3735 1019 3797 habeant
1035 3736 1105 3789 solet.
1150 3734 1224 3799 Quod
1249 3749 1306 3787 cum
1332 3732 1426 3802 reliqui
1443 3732 1551 3786 editores

400 3827 588 3888 conservarent,
606 3823 711 3876 alteram
733 3821 884 3890 particulam
904 3837 961 3875 eam
978 3820 1112 3873 eiecerunt.
1148 3817 1244 3871 Verum
1266 3817 1367 3871 facilius
1390 3816 1483 3870 modus
1500 3832 1552 3870 mu·

400 3915 469 3965 tatur
486 3926 561 3979 quarn
579 3907 731 3962 uocabulum
748 3906 884 3975 expellitur
902 3921 948 3959 nec
965 3906 1079 3959 eiusdem
1096 3903 1237 3973 particulae
1254 3903 1324 3955 iutra
1341 3902 1418 3956 breve
1443 3902 1552 3972 spatium

400 3998 517 4066 repetitio
535 3994 638 4048 debebit
655 4008 712 4046 esse
730 3992 871 4046 offensioni.
912 3994 1022 4047 Maxime
1045 3996 1131 4046 autem
1155 4008 1202 4046 nos
1220 3990 1347 4054 movebat,
1370 3989 1456 4058 quud,
1479 4003 1552 4058 quam

400 4102 447 4140 uos
466 4081 591 4153 apodesin
608 4095 665 4134 esse
683 4077 818 4133 sutuinms
841 4081 953 4134 maiores
975 4080 1060 4133 ausui
1080 4106 1113 4116 —
1136 4095 1187 4130 aaa
1210 4075 1406 4139 irarniauerumt,
1432 4090 1491 4128 eam
1517 4074 1552 4128 illi

353 4212 356 4217 .
400 4171 460 4223 dum
478 4185 525 4237 per
541 4183 569 4221 se
587 4167 723 4235 accipiunt,
740 4182 830 4235 parurn
847 4166 976 4236 eleganter
985 4164 1133 4219 Ciceronem
1152 4164 1235 4217 dicere
1253 4164 1378 4216 statuunt.
1406 4160 1553 4230 Requiritur

400 4240 468 4308 enim
484 4251 613 4322 particula
629 4249 769 4315 interiecta,
786 4250 857 4303 uelut
873 4249 1069 4318 paercipitur.
1098 4251 1168 4303 Duas
1186 4252 1271 4303 autern
1283 4248 1392 4300 virtutes
1412 4247 1469 4315 agri
1482 4245 1553 4300 Garn-

400 4340 462 4409 pani
478 4353 535 4392 esse
553 4338 601 4402 ait,
619 4338 728 4406 primum
746 4336 815 4407 quod
832 4337 867 4389 sit
883 4335 965 4399 domi,
983 4336 1000 4389 l.
1018 4334 1188 4400 e.in1tslia,
1206 4339 1233 4388 et
1254 4333 1356 4403 quidem
1379 4333 1417 4384 ita
1442 4332 1552 4402 undique

400 4424 507 4478 coloniis
525 4439 556 4477 ac
572 4425 718 4493 municipiis
736 4427 833 4487 motus,
854 4424 883 4475 ut
900 4422 980 4476 hostis
998 4437 1072 4476 nemo
1090 4437 1120 4476 eo
1138 4422 1222 4492 possit
1247 4419 1395 4491 pervadere.
1432 4418 1471 4473 Gi.
1490 4434 1551 4489 quae

401 4511 433 4564 ad
450 4509 625 4577 Au.11,1e,1
646 4511 677 4564 de
695 4511 752 4578 agri
769 4509 893 4578 Campam
911 4509 1037 4563 divisione
1055 4525 1071 4562 a
1088 4508 1116 4562 G.
1135 4509 1244 4562 (lassare
1262 4509 1383 4574 suscepta
1400 4505 1478 4559 dicit:
1492 4521 1552 4575 por·

401 4598 475 4651 torris
491 4597 588 4651 Italiae
605 4596 721 4659 sublatis,
742 4612 806 4665 apro
826 4593 958 4665 Campano
976 4594 1059 4648 diviso
1076 4595 1147 4665 quod
1165 4595 1279 4664 esetipal
1298 4600 1416 4663 superest
1436 4591 1552 4648 demedi

403 4700 460 4739 cum
472 4689 581 4757 praeter
597 4680 764 4737 uasimamr
795 4678 1092 4750 Suessatium
1111 4679 1157 4734 sub
1173 4680 1249 4749 sipuo
1272 4678 1444 4746 eamusque
1466 4679 1550 4750 rapu
