3550 5492
869 600 1085 665 ..66-

396 771 486 851 ptum
514 763 620 829 haurit
646 785 684 827 ex
712 763 845 846 aerario,
874 763 1094 848 suppeditata
1121 760 1227 826 sociis:
1256 767 1325 826 tum
1352 761 1496 827 finitores
1520 783 1550 826 er

396 869 532 954 equestri
553 867 618 932 loco
641 867 787 933 ducentos
810 866 843 930 in
866 887 964 932 annos
987 865 1123 948 singulos
1146 864 1307 951 stipatores
1329 865 1468 951 corporis
1489 886 1549 931 eon·

395 971 508 1053 stituit,
532 971 655 1037 eosdem
676 970 834 1036 ministros
857 977 888 1036 et
911 970 1060 1035 satellites
1082 969 1253 1055 potestatis.

479 1074 623 1139 Formam
644 1074 744 1138 adhuc
765 1074 897 1156 habetis,
921 1072 1070 1153 Quirites,
1100 1077 1131 1135 et
1158 1069 1291 1156 speciem
1320 1070 1425 1155 ipsam
1454 1076 1550 1155 tyran·

394 1196 519 1241 norum:
551 1173 689 1258 insignia
718 1175 831 1240 videtis
859 1173 1036 1261 potestatis,
1066 1173 1204 1239 nondum
1234 1173 1334 1259 ipsam
1362 1178 1550 1258 potestatem.

393 1278 513 1343 Dixerit
534 1277 619 1342 enim
640 1279 768 1344 fortasse
790 1277 962 1364 quispiam:
1001 1275 1082 1352 Quid
1110 1294 1160 1338 me
1189 1274 1251 1338 ista
1278 1272 1428 1356 laedunt,
1451 1274 1550 1356 scribe,

393 1383 490 1467 lictor,
513 1404 631 1469 praeco,
654 1383 828 1469 pullarius?
865 1380 980 1446 Omnia
1002 1384 1077 1444 sunt
1099 1377 1174 1440 haec
1196 1376 1386 1458 huiusmodi,
1411 1377 1551 1459 Quirites,

349 1505 383 1558 33
392 1493 428 1553 ut
450 1509 486 1552 ea
508 1486 564 1571 qui
585 1487 698 1552 habeat
726 1486 793 1551 sine
821 1486 932 1550 vestris
963 1482 1134 1566 suffragiis,
1158 1474 1293 1545 autres
1320 1501 1383 1546 uon
1414 1481 1551 1547 ferendus

392 1595 447 1654 aut
467 1589 608 1676 privatus
628 1589 762 1653 furiosus
791 1609 856 1652 esse
884 1586 1035 1651 videatur.
1081 1585 1248 1670 Perspicite
1276 1591 1393 1669 quanta
1422 1591 1551 1670 potestas

392 1693 605 1780 permittatur:
629 1712 692 1757 non
713 1691 904 1778 privatorum
926 1690 1092 1773 insaniam,
1116 1690 1170 1755 sed
1196 1688 1430 1754 intolerantiam
1453 1710 1552 1774 regum

393 1817 460 1862 esse
483 1797 601 1862 dicetis.
639 1796 781 1861 Primum
803 1794 995 1882 permittitur
1016 1793 1140 1857 infinita
1162 1797 1295 1879 potestas
1318 1792 1552 1859 innumerabilis

392 1900 541 1987 pecuniae
563 1899 768 1966 conficiendae
792 1898 829 1962 de
853 1899 964 1963 vestris
993 1897 1195 1980 vectigalibus
1226 1918 1288 1964 non
1315 1899 1477 1982 fruendis,
1505 1897 1551 1964 sed

480 2076 523 2105 orn.
538 2069 587 2106 tam.

392 2191 438 2258 IV,
454 2194 497 2258 44,
516 2193 549 2247 97
568 2195 609 2246 est
626 2190 790 2262 supellectile,
809 2194 885 2262 atque
903 2194 1037 2260 utramque
1054 2192 1163 2246 formam
1187 2192 1307 2260 usurpari
1325 2190 1462 2246 Charisius
1479 2208 1506 2262 p.
1522 2189 1550 2245 33

392 2280 493 2334 ridetur
515 2279 668 2351 significare.
715 2279 829 2332 Tertium
853 2295 935 2349 genus
954 2295 1054 2344 eorum,
1076 2295 1142 2348 quae
1159 2278 1250 2332 Xuiris
1269 2278 1377 2343 dantur,
1400 2279 1514 2347 pecunia
1529 2281 1551 2330 et

391 2367 463 2419 rictu
481 2367 638 2420 continetur:
665 2366 735 2419 illius
761 2370 857 2418 certam
884 2383 1010 2420 summam
1032 2367 1139 2435 praebet
1161 2366 1302 2430 aerarium,
1328 2381 1376 2419 nec
1397 2380 1459 2419 cam
1481 2366 1550 2419 nimi

392 2467 511 2520 magnam
529 2452 610 2506 fuisse
627 2453 654 2504 in
671 2452 728 2521 lege
747 2468 779 2505 ex
796 2453 855 2520 ipso
874 2452 1003 2506 Ciceronis
1022 2453 1124 2506 silentio
1138 2452 1286 2506 debebimus
1305 2452 1437 2520 colligere.
1464 2451 1550 2515 Sociis,

393 2539 492 2606 opinor,
509 2538 559 2591 hoc
576 2539 759 2607 imperabatur,
778 2543 807 2592 ut
824 2539 922 2592 Xuiros
940 2540 967 2591 in
985 2539 1124 2608 provinciis
1147 2542 1279 2592 versantes
1297 2540 1409 2608 alerent3
1435 2555 1466 2592 eo
1489 2538 1549 2593 enin

391 2639 456 2692 qnae
473 2624 541 2677 infra
558 2629 627 2689 sunt,
644 2625 764 2678 ridentur
783 2626 920 2693 pertinere.
962 2625 1084 2690 Quartum
1109 2625 1219 2693 denique
1237 2640 1318 2693 genus
1340 2625 1467 2678 scribitur
1489 2638 1549 2678 nana

386 2710 530 2776 finitorum.
571 2711 639 2765 Nam
662 2711 763 2765 codices
781 2712 877 2765 habent
900 2712 1040 2775 ianitores,
1058 2711 1127 2779 quod
1144 2711 1280 2764 ridiculum
1302 2715 1354 2775 est,
1378 2726 1448 2764 unns
1466 2708 1549 2765 cedi

391 2798 446 2850 iarn
464 2799 576 2862 lictores,
594 2798 663 2866 quod
683 2800 731 2852 etsi
749 2814 801 2852 non
819 2801 902 2867 magis
920 2799 1025 2868 probari
1042 2801 1135 2867 potest,
1154 2796 1282 2865 significat
1298 2799 1385 2849 tamen
1402 2794 1550 2857 verbnmin

390 2883 435 2936 illo
453 2884 569 2952 principe
587 2885 675 2937 codice
696 2900 787 2954 parum
805 2885 887 2938 fuisse
911 2885 1007 2938 clarum
1025 2900 1107 2953 neque
1131 2883 1164 2936 ad
1186 2882 1321 2951 legendum
1340 2882 1429 2936 facile.
1466 2881 1549 2950 Neque

390 2970 549 3023 incommode
567 2971 695 3040 quispiam
713 2987 745 3024 ex
762 2971 808 3024 illa
825 2971 999 3040 discrepantia
1011 2971 1150 3025 coniecerit
1168 2970 1310 3023 addendam
1324 2982 1381 3021 esse
1398 2967 1548 3036 particular

391 3055 511 3124 aliquam,
529 3060 558 3109 ut
576 3063 629 3109 tnnc
639 3058 769 3124 finitores,
787 3074 837 3126 qua
855 3057 984 3127 particula
1004 3057 1070 3110 male
1094 3057 1201 3110 confusa
1224 3057 1289 3109 illud
1306 3056 1452 3108 inniterer-nu
1469 3054 1549 3124 predi·

390 3144 460 3212 giurn
477 3144 599 3197 extiterit.
634 3143 701 3197 Nam
712 3144 833 3211 finitores
849 3143 914 3212 jesse
933 3147 1050 3211 oportere
1066 3159 1100 3195 ex
1118 3141 1133 3210 ᾗ
1152 3143 1185 3197 45
1204 3144 1231 3195 et
1249 3141 1282 3196 53
1306 3141 1470 3209 intelligitur.
1505 3138 1549 3205 Qui

389 3233 475 3281 autem
491 3228 605 3283 finitores
626 3230 734 3294 fuerint,
752 3229 855 3283 aliunde
877 3245 970 3296 parurn
990 3229 1184 3299 cognoscimus3
1211 3244 1272 3280 narn
1294 3228 1404 3281 Plautus
1427 3225 1548 3282 Poenae

388 3314 452 3366 nihil
471 3316 585 3369 ostendit
602 3317 654 3369 nisi
671 3319 821 3384 usurpatam
839 3331 895 3368 eam
913 3330 1001 3368 rocem
1019 3330 1076 3368 esse
1099 3316 1127 3367 in
1145 3330 1172 3367 re
1196 3314 1299 3383 agraria
1322 3317 1399 3382 atque
1417 3313 1458 3367 ita
1475 3310 1549 3379 Nonii

388 3415 414 3467 p.
434 3401 463 3452 ll
484 3400 515 3454 de
533 3416 564 3454 ea
580 3417 642 3455 voce
660 3405 723 3455 nota
740 3404 781 3454 est
803 3401 962 3470 accipienda.
1003 3401 1055 3454 Sed
1073 3401 1161 3455 Cicero
1185 3401 1241 3470 ipse
1265 3400 1392 3469 equestris
1418 3398 1549 3468 dignitatis

388 3500 445 3538 esse
464 3489 508 3551 ait,
526 3491 580 3540 tnm
599 3488 724 3540 delectare
736 3487 873 3554 finitorum
891 3488 1048 3542 iernentntenn
1062 3487 1177 3556 appellat
1194 3491 1221 3541 et
1232 3486 1375 3554 famosos,
1392 3485 1464 3538 idern
1482 3483 1556 3539 addi·-

388 3569 427 3624 dit
444 3573 471 3624 in
489 3588 571 3626 annos
589 3573 704 3642 singulos
722 3574 813 3627 Xriris
835 3561 912 3627 datos
934 3590 991 3628 esse
1009 3575 1142 3628 ducentos.
1185 3574 1252 3639 Quid
1273 3575 1352 3642 igItur
1369 3573 1431 3626 binc
1449 3573 1549 3643 collige

387 3663 465 3711 mus?
498 3659 613 3712 Primum
631 3659 747 3713 diversos
765 3675 823 3713 esse
841 3661 1044 3729 agrimensores,
1064 3677 1172 3730 quorum
1190 3662 1276 3714 arsin
1298 3659 1466 3714 dimetiendis
1482 3658 1548 3729 agris

386 3747 513 3809 versatur,
530 3760 594 3814 quos
613 3746 661 3799 sub
680 3746 875 3800 architectorum
893 3749 997 3801 nomine
1015 3749 1095 3802 latere
1113 3749 1237 3814 diximus,
1261 3751 1316 3801 tum
1333 3747 1451 3801 finitores
1471 3747 1548 3801 funs

388 3830 563 3884 adolescentes
580 3831 680 3885 nobiles
699 3832 812 3885 nondum
834 3835 979 3887 senatoriae
1002 3836 1105 3900 aetatis,
1132 3836 1175 3903 qui
1201 3836 1228 3887 in
1251 3833 1420 3887 contubernio
1439 3830 1548 3887 Xrirum

387 3916 516 3984 stipendia
533 3917 625 3970 mereri
643 3917 746 3973 vellent
783 3919 921 3973 Cohortem
944 3937 1033 3975 eorum
1050 3921 1166 3975 efficiunt
1183 3937 1308 3990 usumque
1332 3921 1434 3975 varium
1456 3920 1548 3975 habent

386 4001 414 4054 in
431 4002 521 4055 Xuiris
539 4002 701 4057 adiurandis,
737 4005 773 4058 Ut
789 4007 915 4074 praefecti
931 4009 1077 4077 tribunique
1095 4023 1191 4073 eorum,
1210 4009 1254 4082 qui
1278 4007 1426 4076 provincias
1450 4009 1547 4077 regunt,

387 4087 518 4141 cohortem
536 4088 723 4157 consiliumque
741 4091 864 4158 efficiunt,
882 4093 920 4146 ita
933 4093 1047 4147 finitores
1058 4094 1169 4147 Xrirum
1186 4109 1328 4162 nomenque
1347 4093 1380 4146 ab
1394 4108 1425 4146 eo
1438 4094 1548 4163 negotio,

387 4173 455 4241 qnod
471 4173 549 4226 Xriri
568 4173 758 4242 administrant,
775 4183 816 4231 est
833 4180 991 4248 impositum.
1029 4180 1084 4233 Nec
1100 4196 1220 4234 numerus
1238 4195 1327 4234 eorum
1345 4180 1423 4233 nimis
1441 4192 1547 4250 magnae

386 4261 440 4322 est;
457 4259 562 4312 vicenos
579 4262 649 4315 enim
666 4263 762 4318 habent
780 4267 875 4336 singrdi
892 4266 982 4332 Xuiri,
1000 4267 1070 4335 quod
1087 4270 1116 4320 ut
1133 4265 1306 4335 significaret,
1324 4264 1474 4320 Ciceronem
1491 4280 1547 4320 con·

386 4344 454 4398 sulto
471 4344 597 4400 cardinali
614 4364 688 4403 nsum
706 4367 763 4404 esse
781 4353 899 4406 arbitror.
1398 4374 1402 4383 ¹

471 4429 513 4484 33.
531 4432 725 4490 intolerantiam
746 4455 849 4508 repnnn,
875 4441 980 4509 passira
998 4439 1201 4508 signification03
1227 4440 1367 4508 respondet
1390 4440 1459 4494 enim
1479 4437 1547 4510 qued

385 4519 516 4587 praecedit
532 4537 580 4574 rea
597 4540 649 4576 non
660 4523 794 4593 serendus.
833 4527 878 4580 Sic
895 4544 923 4596 p.
941 4527 1039 4581 Cluent.
1057 4528 1100 4593 40,
1120 4528 1168 4581 11⁴2
1188 4527 1252 4589 Quis
1275 4543 1332 4579 eum
1355 4542 1413 4579 enen
1439 4526 1490 4579 illa
1506 4542 1545 4579 aa·

382 4604 476 4673 perdia
493 4614 569 4675 atque
586 4610 755 4665 intolerantia
768 4611 843 4681 serre
857 4613 1005 4683 potuisset?
1038 4613 1110 4669 Suet.
1127 4612 1184 4666 (lib.
1203 4611 1234 4666 51
1259 4610 1390 4665 arabitae
1413 4618 1442 4665 ct
1458 4611 1546 4665 into&

385 4693 475 4749 rantr'a
492 4710 598 4751 manen.
637 4698 789 4754 lblerantia
812 4701 915 4770 quidem
939 4700 1022 4756 actim
1044 4702 1146 4754 tantum
1169 4698 1270 4753 dicitnr.
1293 4726 1328 4739 -
1350 4714 1403 4752 nen
1413 4696 1544 4767 fruenda,
