3550 5492
766 542 1001 607 -880-

306 708 342 760 sit
358 711 384 761 et
402 714 440 760 881
458 706 516 760 103.
536 704 665 760 105158.

306 795 390 847 solute
407 793 514 862 praedia
531 807 595 861 quae
613 792 666 844 sint
684 792 741 848 163.

306 879 398 932 sortiri
415 895 466 932 nen
484 879 577 931 dieitur
595 879 696 946 passive
715 880 756 933 80,

307 966 404 1035 speeies
422 965 593 1017 simulationis
610 963 652 1018 38.

307 1058 423 1121 spectare
442 1051 499 1106 110.

899 704 1052 759 tumultuari
1068 703 1129 772 quid
1147 703 1181 759 811
1200 702 1258 757 152.

898 793 986 845 tunica
1003 790 1060 843 sela
1078 791 1158 843 utitur
1174 788 1263 842 infima
1280 789 1357 859 plebs
1379 790 1437 843 141.

901 877 1009 931 turbare
1024 893 1104 946 remp.
1124 876 1148 930 2.

898 961 1038 1016 Tusculani
1072 963 1170 1017 reditus
1205 963 1302 1016 habent
1336 978 1372 1017 ex
1403 980 1469 1032 aqua

935 1047 1032 1102 Crabra
1052 1050 1109 1104 163.

308 1145 390 1190 818188
408 1137 500 1206 plurali
518 1153 622 1190 numere
640 1137 664 1190 3.
683 1137 743 1205 quid
761 1139 795 1190 811
814 1139 871 1191 154.
897 1136 1001 1202 tyranni
1019 1141 1120 1204 septem
1139 1135 1239 1189 Sullani
1255 1136 1315 1191 157.

309 1309 423 1364 Stellatis
441 1324 547 1377 campus
556 1310 599 1376 qui
611 1310 717 1365 811197.

308 1395 405 1449 81818188
421 1396 438 1447 i.
457 1411 478 1449 8,
497 1397 581 1448 minse
601 1396 657 1449 110.

308 1483 421 1537 81811881
430 1483 518 1549 populi
528 1483 555 1534 in
564 1480 714 1535 candidatos
724 1483 766 1535 34.
777 1482 819 1536 48.
829 1481 872 1536 45.

308 1568 458 1636 8818198818
477 1567 581 1636 praedia
601 1567 657 1620 163.

308 1656 470 1708 substantiva
491 1658 579 1707 centra
592 1657 707 1707 nostrum
722 1670 817 1707 rnorem
836 1669 874 1707 re·

341 1741 478 1810 88111820.

309 1827 446 1880 Suburana
458 1827 540 1879 tribus
552 1827 636 1895 prima
648 1826 801 1878 urbanarum
815 1826 872 1879 119.

309 1913 488 1981 suffragiorum
512 1913 578 1965 ratio
602 1913 644 1965 31.
672 1911 828 1981 8811889188
850 1914 876 1963 81

343 1999 472 2070 suffragiis
484 2000 526 2052 44.
540 1998 582 2051 45.
601 1998 730 2068 suffragiis
747 2001 773 2050 et
790 2014 876 2050 88888-

343 2105 389 2140 888
407 2089 424 2140 1.
443 2103 467 2138 e.
486 2099 606 2137 numerus
624 2072 803 2151 suffragiorum
817 2083 875 2137 148.

310 2190 436 2227 8888888
448 2172 541 2239 jacere
558 2169 619 2238 quid
638 2171 672 2222 sit
691 2169 748 2226 105.

309 2266 370 2313 8881
387 2261 413 2310 81
430 2264 469 2310 881
487 2257 545 2310 143.

310 2345 464 2414 supellectili
482 2344 531 2396 abl.
552 2359 604 2396 eas.
623 2343 664 2395 65.

311 2430 475 2499 supercilium
494 2430 623 2482 tristitiam
643 2427 770 2497 signifieat
791 2428 847 2481 141.

312 2518 425 2586 88881818
444 2535 475 2570 88
494 2524 574 2570 ineius
593 2515 634 2570 35.

312 2639 407 2692 tabella
424 2641 451 2691 in
469 2638 579 2692 comitiis
598 2637 639 2689 30.

310 2733 395 2779 tacere
414 2729 440 2778 et
457 2726 533 2779 silere
550 2724 593 2777 97.

310 2820 363 2865 tam
381 2829 439 2865 eum
457 2812 535 2864 verbe
553 2811 667 2864 iunctum
678 2806 720 2862 93.

311 2906 395 2952 188888
412 2899 454 2951 41.

310 2984 412 3037 eundern
431 2984 542 3052 augendi
559 2997 638 3035 eausa
656 2980 759 3032 additur
778 2979 818 3032 10.

311 3077 334 3123 te
352 3072 409 3122 8818
428 3086 522 3122 curare
539 3068 690 3137 imperantis
709 3065 807 3118 88198.

312 3156 429 3209 tenebrae
447 3155 571 3209 translate
589 3154 684 3206 dietum
702 3151 744 3204 81.

311 3249 395 3295 tenuere
413 3242 515 3294 comitia
532 3240 592 3309 quid
611 3239 704 3292 81159,
724 3244 808 3291 tenere
832 3236 877 3288 ali-

344 3327 405 3395 quid
427 3329 564 3378 nautarum
585 3340 635 3376 vex
653 3325 694 3377 81.
717 3323 759 3376 67.
792 3330 876 3377 188888

344 3416 370 3466 81
387 3414 496 3464 retinere
518 3411 573 3465 153.

311 3507 382 3553 terre
400 3499 511 3552 elmeri
524 3497 566 3551 54.

250 3612 252 3616 ⁴
311 3594 385 3640 testes
399 3586 544 3655 producere
563 3584 621 3638 149.

310 3674 424 3725 tibicinis
442 3687 504 3725 usus
521 3673 549 3724 in
567 3668 700 3723 sacrifieiis
720 3669 776 3722 140.

310 3776 361 3811 888
381 3758 486 3811 tinnitus
504 3762 544 3809 est
560 3756 661 3810 modice
679 3754 807 3807 laudantis
819 3752 877 3806 151.

310 3845 507 3898 transmarinum
526 3843 586 3912 quid
604 3845 708 3896 vocetur
727 3841 784 3894 188.

311 3932 417 3984 tresviri
429 3930 555 3998 quomedo
565 3928 693 3982 scribendi
704 3928 806 3981 818144.
820 3927 877 3979 138.

310 4018 407 4070 tribuni
424 4017 507 4085 plebis
526 4031 592 4067 anne
611 4016 645 4069 63
664 4033 686 4067 8.
706 4014 763 4067 chr.
782 4013 824 4066 40.

257 4150 260 4157 .
311 4105 422 4157 tribuum
441 4104 505 4156 ratio
524 4102 565 4155 31.
583 4102 625 4154 45.
643 4102 686 4155 46.
705 4101 818 4153 tribuum
827 4100 878 4151 Re·

344 4206 477 4244 manarum
495 4189 557 4242 ordo
578 4188 636 4241 119.

311 4278 435 4330 trutinet
454 4275 593 4344 quadrivia
612 4276 636 4327 7.

312 4363 469 4416 munientes
488 4367 514 4415 et
532 4369 593 4414 1888
603 4361 646 4415 40.
664 4360 714 4414 abl.
734 4367 806 4413 truce
820 4360 877 4413 106.

312 4453 408 4503 188181
427 4456 557 4502 tumuere
575 4446 600 4503 5.

899 1255 1039 1309 Vaticanus
1057 1272 1118 1325 ager
1137 1258 1232 1312 sterilis
1252 1257 1311 1312 145.

900 1342 1036 1408 uectigalia
1053 1345 1097 1397 ubi
1115 1344 1213 1399 Romae
1230 1345 1348 1398 locentur
1366 1343 1410 1396 94.
1430 1359 1475 1396 ue·

935 1428 1014 1495 811881
1032 1431 1102 1499 agris
1121 1431 1232 1499 publicis
1249 1430 1403 1498 impositum
1421 1430 1464 1483 95.

899 1516 1042 1583 asprandus
1060 1516 1122 1586 quid
1140 1517 1268 1586 significet
1286 1517 1345 1568 141.

902 1601 959 1654 Veii
978 1602 1072 1655 deserti
1091 1606 1174 1657 aetate
1193 1602 1324 1656 (18888818
1344 1602 1405 1655 145.

900 1687 1029 1754 velificari
1046 1705 1131 1741 rarum
1149 1693 1175 1742 81
1193 1706 1225 1742 ex
1237 1689 1340 1757 uulgari
1353 1703 1474 1742 sermone

935 1775 1043 1842 petitum
1057 1775 1099 1830 23.

901 1861 1011 1914 uendere
1029 1864 1055 1915 et
1073 1862 1246 1916 8188818887,
1263 1865 1290 1915 81
1308 1861 1424 1914 alienare
1435 1862 1477 1915 67.

901 1947 1015 1999 venditio
1033 1951 1058 1999 et
1076 1948 1163 2001 auctio
1182 1948 1222 2001 84.

902 2034 987 2087 veniet
1005 2051 1020 2085 a
1038 2035 1116 2088 verbo
1133 2035 1261 2087 reneundi
1281 2034 1305 2087 l.

902 2125 985 2172 nester
1003 2125 1029 2172 et
1047 2124 1133 2173 nester
1152 2121 1209 2175 103.
1231 2120 1289 2174 108.
1310 2120 1370 2174 129.
1393 2121 1451 2174 161.

902 2212 990 2259 vetare
1008 2223 1065 2260 eum
1082 2205 1175 2260 infinit.
1193 2208 1268 2260 aetiv.
1288 2223 1336 2276 pre
1349 2221 1423 2276 pass.
1435 2206 1477 2261 63.

902 2298 986 2345 uetere
1004 2295 1030 2346 81
1047 2293 1131 2346 veteri
1149 2294 1189 2346 16.

902 2379 1114 2442 uerbum‚ve1ut
1133 2381 1176 2446 Jlt,
1203 2381 1327 2433 omissum
1345 2379 1392 2432 40.
1421 2395 1475 2432 esee

937 2465 1059 2518 omissum
1078 2465 1119 2519 85.
1139 2465 1197 2519 125.
1217 2465 1274 2518 134.
1295 2463 1354 2518 135.

902 2550 1040 2604 88818811.
1059 2567 1081 2604 e.
1101 2554 1234 2623 preprium
1252 2552 1294 2609 69.

902 2637 1012 2691 veritate
1034 2637 1163 2691 diversum
1186 2639 1219 2691 ab
1236 2654 1266 2692 8ο
1287 2638 1359 2707 quod
1382 2642 1425 2692 881
1446 2654 1474 2692 re

936 2739 1000 2775 uera
1014 2723 1055 2777 80.

903 2825 962 2862 vero
974 2810 1160 2879 ‘respondentis
1180 2811 1237 2865 107.

902 2896 1079 2950 8888811888
1098 2899 1192 2951 omisso
1210 2911 1260 2966 quo
1279 2896 1344 2965 quid
1359 2901 1474 2952 versetur

937 2982 978 3035 34.
999 2983 1056 3037 168.

902 3084 991 3120 verum
1010 3069 1156 3122 coniunctio
1174 3069 1215 3122 90.

902 3156 1092 3210 8818818818.
1111 3144 1184 3209 setius
1203 3155 1363 3209 consuetudo
1382 3157 1426 3211 63.

902 3241 1023 3293 vexillum
1047 3242 1161 3295 coloniae
1181 3242 1238 3296 1⁶28.

902 3327 931 3379 81
947 3344 980 3380 88
997 3345 1076 3380 mann
1096 3328 1153 3381 149.

903 3413 962 3466 viee
980 3415 1128 3467 818881188
1148 3414 1204 3467 144.

904 3498 1071 3553 Vibellisrum
1089 3516 1152 3569 gens
1171 3499 1273 3569 Capuae
1293 3500 1353 3554 141.

903 3585 1472 3640 818188881888888836.81188188188888158.

905 3670 1048 3724 8181818188
1067 3672 1123 3727 157.

904 3758 991 3810 818818
1009 3761 1035 3810 81
1052 3748 1157 3811 vincula
1176 3760 1217 3813 14.

904 3844 944 3895 818
962 3848 988 3896 81
1005 3845 1186 3913 interpretatio
1204 3845 1246 3899 34.

904 3931 1004 3984 88881.
1023 3947 1045 3982 e.
1063 3945 1129 3982 unus
1146 3934 1245 3983 tantum
1263 3930 1306 3984 40.

903 4017 1013 4069 uolitare
1031 4019 1057 4069 81
1074 4016 1171 4085 nuperi
1189 4016 1246 4070 149.

903 4119 954 4156 888
970 4103 1032 4154 aiva
1050 4118 1101 4155 888
1119 4106 1159 4155 881
1177 4100 1374 4156 ciceronianum
1392 4101 1436 4155 31.

903 4188 978 4242 urbes
996 4189 1111 4243 88188188
1123 4189 1209 4242 vocari
1226 4205 1278 4242 non
1291 4191 1402 4257 pessunt
1415 4187 1472 4241 148.

904 4290 1032 4343 usurpare
1050 4277 1204 4328 vetustatem
1221 4275 1263 4329 63.

904 4367 935 4413 81
951 4361 1061 4415 refertur
1079 4361 1112 4414 ed
1128 4376 1201 4429 pron.
1220 4360 1315 4414 18168.

904 4447 945 4499 811
961 4447 1049 4515 utiquo
1066 4448 1082 4502 i.
1101 4462 1124 4501 8.
1143 4447 1227 4500 disere
1244 4446 1341 4516 aliquid
1362 4448 1421 4501 111.

667 4699 765 4741 Berelini
781 4701 843 4754 typis
860 4696 984 4742 Eduardt
1001 4700 1113 4742 Kranae.
