3550 5492
704 604 939 671 -1ee-

284 767 314 833 ic
335 766 466 852 imperio
488 766 673 848 timendum,
697 765 821 852 Capuae
842 788 869 832 a·
883 768 989 834 Xviris
1010 768 1173 835 inferetur:
1197 773 1274 837 tunc
1295 778 1402 838 contra

284 892 323 935 ue
345 871 488 953 Romam,
512 891 707 936 communem
727 870 861 956 patriam
882 871 1022 937 omnium
1049 878 1204 957 nostrum,
1231 874 1287 939 illa
1307 875 1404 941 altera

284 994 342 1039 «ma
371 979 545 1059 quaeretur.
588 974 626 1038 In
647 974 681 1037 id
708 974 856 1059 oppidum
877 975 1019 1042 homines
1046 977 1157 1042 usiani
1182 979 1403 1066 rempublicam
1412 998 1445 1052 su

284 1083 381 1144 stram
403 1079 568 1143 transferre
591 1082 751 1160 conantur,
773 1098 833 1162 quo
854 1078 890 1142 in
918 1079 1028 1165 oppido
1056 1079 1186 1146 maiores
1213 1083 1311 1150 nostri
1332 1083 1403 1149 nul·

284 1202 306 1247 n
328 1181 457 1246 omnino
479 1180 703 1268 rempublicam
724 1200 790 1245 esse
812 1179 993 1247 voluerunt:
1021 1181 1077 1266 qui
1104 1186 1166 1246 tres
1188 1182 1288 1248 solum
1309 1186 1402 1251 urbes

297 1285 391 1351 terris
413 1285 566 1367 omnibus,
589 1284 818 1368 Carthaginem,
841 1283 1034 1368 Corinthum,
1057 1284 1205 1372 Capuam,
1227 1292 1404 1355 statuerunt

284 1410 334 1455 sse
355 1389 480 1475 imperii
508 1390 692 1474 grauitatem
721 1409 756 1454 ac
777 1408 890 1453 nomen
917 1389 1078 1454 sustinere.
1121 1388 1231 1454 Deleta
1252 1389 1403 1475 Carthago

284 1514 298 1575 ·,
323 1492 405 1577 quod
419 1513 490 1556 cum
504 1492 668 1557 hominum
690 1491 787 1577 copiis
801 1499 870 1557 tum
892 1492 960 1577 ipsa
974 1499 1087 1558 natura
1101 1515 1136 1558 ao
1149 1493 1225 1577 loco,
1247 1494 1404 1560 succincta

284 1595 392 1677 rtibus,
415 1603 535 1662 armata
554 1597 672 1678 muris,
695 1602 854 1660 excurrere
883 1616 921 1660 ex
942 1596 1063 1679 Africa,
1091 1596 1255 1695 imminere
1281 1599 1317 1663 in
1338 1600 1403 1664 fru-

284 1700 454 1767 rosissimas
475 1699 596 1789 insulas
610 1698 716 1786 populi
727 1698 859 1764 Romani
873 1696 1045 1763 ridebatur.
1083 1697 1224 1764 Corinthi
1237 1699 1403 1784 vestigium

331 1875 365 1924 il'.
379 1882 532 1933 rempublicam
545 1886 648 1923 acetrum
661 1901 686 1913 -
699 1882 810 1922 aminare
825 1877 872 1931 [ito]
881 1878 1064 1928 fructuosiorimr'a
1076 1880 1159 1921 iaculis.

284 2046 333 2084 nm
351 2031 428 2084 etiam
446 2033 538 2100 postea
554 2031 582 2083 iu
604 2029 723 2099 reliquis,
744 2042 810 2098 quae
828 2027 934 2097 proprie
951 2026 1074 2081 militares
1098 2027 1274 2096 appellantur,
1295 2027 1402 2084 coloniis

284 2118 478 2169 umemorantur
494 2113 573 2184 (App.
591 2113 651 2167 bell.
669 2115 718 2167 cir.
735 2113 768 2178 Π,
787 2113 837 2166 120
855 2117 880 2166 et
895 2114 956 2179 1413
975 2112 1028 2166 Cic.
1044 2111 1111 2166 Phil.
1129 2111 1224 2179 11,40).
1250 2112 1284 2167 Et
1301 2115 1402 2184 quidem

284 2202 355 2255 imus
374 2200 477 2254 colonos
496 2200 544 2254 sub
562 2199 657 2253 vexillo
672 2199 764 2264 coisse,
781 2202 837 2253 tum
854 2200 903 2254 sub
915 2198 1009 2255 vexillo
1021 2215 1114 2253 novam
1129 2199 1259 2254 ‘coloniam
1276 2203 1402 2256 introisse.

284 2303 328 2342 are
349 2286 515 2341 Cicerocum
537 2286 661 2339 uexillum
679 2284 825 2355 Campanae
846 2284 961 2340 coloniae
977 2285 1036 2339 huic
1058 2285 1166 2353 imperio
1189 2285 1330 2339 timendum
1346 2302 1404 2341 esse

285 2375 366 2440 ,hou
387 2373 461 2438 dicit,
487 2371 628 2425 timendam
651 2387 708 2425 esse
731 2371 830 2425 Romae
851 2370 977 2423 coloniam
1004 2369 1107 2438 Capuae
1128 2372 1294 2424 constitutam
1316 2376 1342 2425 et
1364 2372 1404 2424 ira·

284 2474 313 2512 re
330 2458 454 2512 eccillum
473 2455 576 2526 Capuae
594 2459 634 2510 est
651 2457 667 2510 i.
680 2473 705 2525 q.
723 2455 859 2508 coloniam.
869 2453 973 2522 Capuae
991 2453 1109 2507 condere.
1144 2453 1299 2524 Scripsimus
1317 2460 1403 2510 autem

284 2560 360 2614 puae,
378 2543 438 2612 quia
456 2543 495 2594 ita
512 2542 569 2595 cod.
587 2542 604 2595 9
621 2542 736 2607 erhibst;
754 2556 803 2594 nec
814 2539 919 2592 dubium
937 2543 977 2592 est
994 2541 1055 2610 quin
1066 2541 1160 2593 inferre
1176 2542 1234 2596 urbi
1246 2542 1324 2597 alicui
1335 2546 1403 2598 recte

284 2635 355 2695 atur;
373 2630 486 2697 alioquin
503 2629 581 2680 etiam
601 2625 729 2696 Capuam,
752 2627 820 2695 quod
837 2626 1003 2679 Lauredauus
1025 2627 1143 2691 coniecit,
1163 2627 1225 2680 ferri
1241 2632 1354 2696 poterat·
1369 2657 1403 2669 -·

284 2732 330 2770 era
347 2713 440 2768 Roma.
475 2714 654 2783 ltaCapuam,
676 2718 813 2784 postquam
837 2714 894 2782 lege
911 2714 977 2766 Iulia
995 2729 1010 2764 a
1028 2712 1056 2766 C.
1075 2711 1184 2766 Caesare
1207 2729 1259 2768 cos.
1276 2717 1403 2772 coloniam

284 2802 355 2870 repit,
373 2800 486 2870 appellat
503 2800 569 2854 Phil.
586 2800 646 2865 XII,
663 2799 689 2865 3,
707 2802 736 2854 7:
757 2799 975 2862 Quemadmodum
994 2806 1110 2851 oestrum
1133 2798 1180 2851 bec
1202 2800 1336 2853 consilium
1355 2802 1404 2856 Ca·

284 2887 451 2957 aprobabiss
474 2903 539 2955 puae
567 2886 721 2956 temporibus
747 2886 787 2939 bis
804 2885 889 2940 Roma
908 2886 992 2939 altera
1010 2892 1055 2938 est.
1086 2885 1151 2937 Item
1170 2900 1249 2954 supra
1266 2887 1330 2951 1,24
1347 2890 1404 2941 uui-

284 2991 296 3025 a
314 2972 424 3026 alteram
433 2966 543 3025 Roriam
554 2987 636 3039 aeque
654 2971 735 3024 aliam
752 2971 837 3024 sedan
854 2970 961 3039 imperii
976 2968 1048 3022 uobis
1060 2985 1110 3022 coe.
1122 2968 1253 3037 suturam.
1283 2971 1350 3038 Ctl,
1362 2973 1403 3028 18.

331 3058 373 3112 87.
391 3057 576 3127 rempublicam
592 3064 712 3111 verbam.
746 3056 799 3127 Sic,
818 3073 869 3110 non
886 3073 967 3126 remp.
985 3063 1108 3120 coemam,
1127 3060 1153 3109 et
1169 3057 1286 3111 meliores
1304 3059 1360 3113 cod.
1377 3056 1405 3113 'et

284 3145 374 3197 utenha
391 3145 450 3212 ipsa
468 3143 592 3213 postulat.
628 3143 699 3196 Dicit
715 3143 784 3195 enim
802 3143 834 3195 de
851 3144 980 3210 potestate
997 3142 1099 3210 imperii
1115 3142 1189 3196 Rom.
1206 3144 1318 3212 gerendi,
1339 3161 1404 3215 quae

284 3244 304 3282 n
320 3232 384 3283 tunc
401 3233 471 3284 esset
489 3230 556 3296 apud
574 3230 676 3299 plebem
693 3230 845 3294 Romanam,
863 3229 896 3282 ab
913 3228 991 3283 Rullo
1001 3227 1115 3298 Capuam
1133 3230 1342 3286 transferebatur.
1368 3233 1405 3286 At

284 3314 448 3368 tescribitur
459 3315 571 3367 maiores
583 3315 674 3378 uestri,
687 3331 740 3368 non
752 3315 793 3369 hic
805 3314 890 3378 modo,
908 3313 955 3367 sed
965 3313 1123 3384 plerumque.
1150 3314 1309 3383 ouadaoa.
1337 3316 1404 3383 Quo-

284 3399 321 3454 do
340 3404 426 3454 autem
444 3401 543 3453 autam
563 3401 747 3470 rempublicam
764 3401 868 3470 Capuae
886 3401 997 3455 Romani
1019 3402 1180 3472 reliquerint,
1201 3405 1313 3474 explicat
1330 3407 1344 3472 ξ
1361 3405 1403 3461 88.

297 3494 350 3540 tres
367 3488 449 3540 solum
465 3486 548 3541 orbes.
575 3487 671 3540 Fuerat
688 3489 766 3541 etiam
784 3492 882 3557 quarta,
896 3489 1040 3558 Syracusae
1056 3490 1084 3543 in
1094 3488 1190 3555 Sicilia,
1208 3508 1257 3546 nec
1272 3493 1404 3544 homiuum

284 3573 321 3627 ria
338 3588 385 3625 nec
397 3573 490 3642 opibus
502 3586 550 3625 nec
558 3573 692 3626 moenibus
710 3574 830 3639 inferior;
850 3575 897 3628 sed
913 3590 970 3628 eam
979 3576 1090 3629 Romani
1101 3575 1330 3631 needeleruutnec
1347 3592 1404 3646 gra·

286 3674 300 3712 s
322 3659 426 3712 omuino
444 3660 612 3728 puniverunt,
635 3676 741 3728 eamque
760 3660 793 3714 ob
818 3677 922 3715 causam
941 3662 973 3714 ab
992 3661 1114 3715 Cicerone
1131 3662 1352 3730 praetermittitur.
1369 3688 1403 3701 -·

284 3745 377 3798 uincta
390 3744 518 3815 portibus.
554 3746 625 3799 Duos
643 3747 711 3799 enim
735 3746 847 3799 habebat
865 3745 1008 3816 Carthago,
1031 3763 1103 3808 eum,
1126 3747 1169 3816 qui
1191 3752 1348 3800 mercaturae
1365 3747 1403 3801 ia⁴

284 3831 351 3885 udae
369 3832 540 3896 inserviebat,
558 3832 680 3897 alterum,
703 3833 747 3902 qui
765 3831 865 3885 Cothon
883 3832 1075 3896 nominabatur,
1093 3832 1220 3886 classibus
1238 3831 1403 3888 aedificandis

284 3933 321 3990 pue
341 3917 471 3972 ornandis.
499 3919 655 3987 Scripsimus
674 3923 759 3983 autem
766 3918 887 3989 portibus
905 3934 937 3971 ex
955 3916 1071 3971 codicum
1089 3919 1232 3972 certissima
1243 3920 1403 3987 auctoritate,

284 4002 440 4073 bitumumue
467 4022 499 4058 an
523 4021 555 4058 ea
577 4007 659 4059 forma
682 4006 739 4060 sola
756 4005 825 4074 apud
842 4003 989 4058 Ciceronem
1012 4004 1090 4057 luerit
1111 4004 1214 4058 usitata.
1250 4005 1316 4059 Nam
1334 4009 1403 4059 certa

299 4087 329 4140 in
346 4088 419 4142 Verr.
437 4088 482 4153 IV,
500 4089 542 4154 53,
562 4090 620 4154 118,
637 4090 877 4144 bonaauctoritate
895 4088 1087 4142 commendatur
1103 4105 1129 4157 p.
1138 4089 1187 4159 leg.
1206 4090 1273 4143 hlau.
1283 4089 1308 4156 6,
1328 4092 1359 4144 16
1377 4097 1404 4145 et

302 4173 351 4240 553
370 4175 505 4229 Caesarem
524 4176 628 4244 quidem
645 4193 676 4230 ea
693 4179 768 4231 unice
786 4193 861 4231 usum
878 4191 936 4230 esse
959 4178 1067 4229 constat.
1091 4204 1125 4213 -
1148 4175 1281 4230 imminere
1302 4174 1331 4229 iu
1341 4177 1402 4245 sru·

286 4261 420 4315 sumsimus
438 4261 552 4316 insulas.
576 4262 683 4317 Codices
705 4279 792 4317 omnes
810 4264 906 4316 habent
928 4263 1061 4315 imminere
1078 4262 1117 4315 ita
1128 4260 1346 4330 fructuosissimis
1363 4265 1402 4317 in-

284 4346 316 4411 is,
335 4347 403 4415 quod
421 4348 516 4403 falsum
533 4365 591 4404 esse
608 4366 683 4404 nemo
701 4355 785 4420 negat.
822 4350 876 4404 Nec
894 4353 980 4403 tamen
997 4349 1110 4419 placebit
1126 4352 1226 4402 tanturn
1243 4348 1327 4404 delere
1343 4367 1402 4420 par·

284 4432 357 4498 ulam,
375 4449 450 4503 quae,
468 4436 520 4489 nisi
537 4435 598 4505 quid
615 4436 742 4501 subesset,
760 4450 812 4489 non
830 4437 857 4488 in
875 4435 994 4490 omnibus
1010 4435 1085 4489 libris
1103 4451 1150 4490 ms.
1169 4439 1315 4490 constanter
1335 4437 1403 4505 lege-

284 4532 322 4584 ar,
345 4533 394 4572 nec
420 4522 574 4588 probabitur
589 4520 753 4574 Klotuianum
777 4521 843 4585 iam,
865 4521 935 4590 quod
958 4522 980 4575 si
1004 4521 1036 4574 de
1057 4526 1172 4592 tempore
1196 4523 1349 4590 accipiatur,
1371 4522 1402 4574 de

284 4606 384 4659 retenta
401 4610 485 4669 aetate
503 4607 606 4674 dicitur,
624 4608 665 4662 sin
682 4608 864 4662 connectendis
881 4608 1017 4679 sentemiis
1035 4609 1173 4673 insaniat,
1197 4623 1250 4662 non
1266 4609 1350 4662 minus
1368 4608 1404 4661 sit

284 4691 335 4757 utile
352 4708 430 4762 quam
446 4695 494 4748 ita.
530 4693 605 4760 Quoi
621 4684 787 4751 Lairaimus
806 4694 917 4749 coniecit
932 4694 1065 4750 ommium
1082 4693 1180 4749 Italiac
1202 4710 1235 4748 cc
1246 4691 1404 4762 maccus·
