3550 5492
763 604 999 670 -159-

304 766 433 831 ductam
454 765 518 830 iam
540 765 726 852 reipublicae
741 766 916 832 cicatricem
929 766 1050 831 viderer
1060 772 1115 832 aut
1137 766 1257 851 aliquid
1274 768 1463 834 alienissimo

303 874 443 952 tempore
470 868 568 932 novae
596 867 798 933 dissensionis
824 871 1030 952 commovere,
1058 889 1159 953 neque
1186 890 1257 934 vero
1284 892 1368 936 nunc
1394 872 1464 937 ideo

306 969 481 1056 disputabo,
504 970 586 1054 quod
608 970 830 1037 honestatum
851 970 1039 1059 reipublicae
1065 993 1128 1038 non
1153 993 1337 1061 magnopere
1359 976 1463 1040 delen-

304 1072 442 1137 dandum
463 1078 581 1158 putem,
603 1075 785 1159 praesertim
805 1060 867 1159 qui
888 1075 945 1140 otii
971 1081 1003 1141 et
1023 1076 1200 1141 concordiae
1227 1081 1392 1162 patronum
1413 1100 1464 1143 mc

303 1176 337 1240 in
359 1174 446 1240 hunc
462 1194 580 1240 annum
598 1176 786 1262 reipublicae
799 1180 956 1244 coufessus
978 1178 1050 1262 sim,
1071 1180 1125 1245 sed
1148 1186 1184 1245 ut
1198 1179 1322 1245 dooesrn
1336 1180 1464 1247 Rullum

306 1279 434 1365 posthac
454 1278 550 1344 iniis
578 1279 688 1346 saltem
715 1286 816 1345 tacere
837 1281 941 1363 rebus,
963 1282 996 1346 in
1019 1283 1133 1367 quibus
1160 1282 1197 1346 de
1223 1302 1257 1347 se
1284 1289 1316 1347 et
1337 1282 1375 1348 de
1396 1286 1463 1349 suis

305 1382 395 1447 luctis
416 1380 512 1446 taceri
533 1381 619 1447 velit.
658 1383 807 1450 Omnium
828 1385 933 1470 legum
954 1384 1182 1470 iniquissimam
1205 1386 1488 1455 dissimillimam-5

306 1505 364 1570 que
385 1482 463 1566 legis
485 1504 553 1548 esse
574 1484 705 1549 arbitror
727 1506 806 1568 eam,
829 1507 923 1572 quom
945 1488 980 1554 L.
1002 1488 1130 1554 Flaccus
1157 1489 1294 1554 interrex
1316 1488 1354 1552 de
1375 1488 1464 1554 Sulla
1539 1494 1549 1513 ⁹

387 1639 406 1678 4.
419 1648 497 1688 mque
510 1648 583 1688 opere.
594 1660 620 1670 -
631 1632 747 1690 professus
763 1642 809 1681 sinu

305 1763 404 1814 tanturn
422 1760 533 1829 priorem
550 1760 679 1829 pertinere
697 1765 817 1829 apparet,
840 1779 899 1814 nem
912 1763 949 1815 'in
967 1763 1047 1816 altera
1063 1765 1188 1832 repetitur
1204 1763 1271 1818 ideo.
1305 1763 1463 1834 Quamquam

305 1846 352 1902 boc
370 1845 472 1900 ridetur
491 1862 550 1901 esse
566 1846 649 1900 levius
667 1851 852 1917 excuseturque
869 1863 914 1912 eo,
940 1848 1009 1918 quod
1027 1865 1103 1918 quarn
1121 1849 1246 1901 rationem
1264 1849 1290 1900 in
1309 1848 1463 1918 disputando

307 1947 357 1988 uon
376 1932 412 1987 sit
426 1936 569 1999 secuturus,
587 1931 667 1986 addit
692 1932 789 1987 Verum
805 1933 871 1988 illud
886 1937 928 1988 est
945 1936 1058 2003 gravius,
1074 1934 1145 2004 quod
1155 1935 1223 1986 intra
1233 1934 1306 2002 prius
1322 1936 1463 1988 membrum

307 2020 442 2074 collocavit
452 2019 526 2089 opud
535 2036 588 2074 vos.
615 2019 695 2084 Quasi
703 2036 765 2075 vero
779 2037 845 2091 quae
861 2036 931 2075 nunc
941 2020 1056 2074 dicturus
1067 2024 1116 2085 est,
1134 2034 1186 2073 nou
1202 2021 1237 2072 sit
1253 2018 1322 2088 apud
1340 2020 1463 2088 populum

307 2105 492 2174 disputaturus.
521 2104 645 2174 ⁴Apparet
664 2106 745 2174 igitur
765 2108 846 2176 priori
867 2107 982 2160 membro
1004 2106 1112 2176 cogiuri
1133 2105 1295 2174 oppositum,
1321 2107 1390 2175 quod
1412 2120 1464 2160 nou

300 2191 371 2262 'apud
388 2191 513 2261 populum
531 2193 654 2257 tranent,
672 2193 690 2246 i.
709 2208 745 2258 e.,
762 2195 868 2263 opinor,
885 2195 914 2247 in
931 2196 1037 2258 senatu,
1060 2194 1086 2246 in
1104 2208 1155 2262 quo
1172 2207 1231 2246 cum
1247 2193 1358 2261 primam
1368 2181 1464 2245 'contra

304 2279 387 2348 legem
407 2281 534 2350 agrariam
552 2280 693 2349 orationem
710 2280 824 2346 baberet,
842 2296 894 2334 non
911 2281 995 2350 magis
1013 2279 1134 2334 Sullanos
1152 2293 1229 2347 agros
1247 2280 1463 2332 commemoravit.

304 2365 358 2420 lum
375 2368 452 2421 facilc
468 2369 539 2420 recta
557 2366 681 2420 orationis
698 2367 765 2420 tutio
782 2370 869 2436 potest
891 2366 1006 2430 restitui,
1024 2366 1124 2434 sipost
1145 2363 1193 2417 illa
1215 2378 1282 2433 quse
1301 2367 1363 2419 sunt
1384 2379 1466 2432 oeque

303 2451 377 2522 opud
391 2468 437 2504 cos
459 2451 621 2505 librariorum
644 2450 721 2518 culpa
748 2450 875 2504 excidisse
897 2455 1018 2520 putemus
1038 2467 1120 2520 oeque
1141 2450 1171 2502 ia
1196 2456 1296 2503 senatu
1337 2449 1380 2503 Sic
1401 2449 1465 2501 nihil

302 2535 370 2604 quod
388 2536 548 2604 vituperetur
568 2534 702 2602 supererit
742 2533 794 2587 Sed
816 2534 922 2590 difficile
937 2542 980 2591 est
995 2538 1080 2601 factu,
1100 2540 1131 2590 ut
1146 2537 1215 2589 hunc
1231 2536 1259 2587 iu
1277 2533 1410 2588 codicibus
1427 2549 1465 2586 er·

300 2634 385 2674 rorem
403 2619 698 2682 accidissestatuamus,
715 2620 789 2672 cuius
807 2619 916 2673 similem
935 2621 963 2673 in
979 2622 1020 2673 bis
1037 2620 1198 2673 orationibus
1215 2633 1267 2671 nou
1285 2617 1464 2670 animadverti.

300 2702 392 2761 Potius
409 2704 490 2771 igitur
507 2702 678 2755 anacoluthon
696 2702 826 2770 quoddam
843 2708 995 2769 statuemus,
1013 2705 1130 2772 quumvis
1147 2704 1175 2756 iu
1192 2704 1353 2757 orationibus
1370 2718 1463 2772 magna

299 2795 356 2846 ute
370 2789 510 2842 elaboratis
527 2802 621 2841 rarum.
653 2786 764 2842 Volebat
772 2788 861 2842 (licere
875 2790 986 2843 scribere
1000 2789 1032 2843 de
1045 2805 1097 2856 quo
1110 2803 1157 2856 epo
1172 2786 1287 2839 consulto
1299 2802 1380 2853 oeque
1392 2787 1465 2854 opud

300 2892 347 2930 aes
365 2883 427 2930 octe
438 2875 497 2944 feei
506 2875 659 2928 musonem
669 2890 750 2942 acque
766 2876 795 2927 ia
808 2883 900 2928 senato
908 2874 1113 2937 commemoravi,
1131 2872 1177 2924 sed
1188 2886 1245 2923 curn
1257 2872 1337 2938 priori
1348 2871 1462 2923 membro

300 2977 395 3016 causas
413 2961 517 3015 tacendi
534 2960 599 3013 duas
617 2959 761 3025 adiecisset,
778 2960 917 3013 obscurata
933 2959 1008 3028 quasi
1024 2958 1118 3028 prioris
1136 2954 1243 3012 membri
1259 2953 1384 3006 memoria
1401 2953 1463 3006 alte·

299 3065 358 3104 rrun
375 3049 472 3114 omisit,
489 3048 640 3117 praesertim
658 3049 709 3115 quo
732 3046 765 3100 sd
782 3046 908 3114 reliquam
926 3044 1066 3098 orationem
1089 3041 1174 3094 miuus
1191 3055 1259 3108 opus
1280 3054 1338 3092 esse
1355 3037 1462 3110 rideret.

301 3163 336 3175 -
352 3134 512 3205 reipublicae
534 3133 691 3187 ecrescere
730 3133 845 3188 Vulnera
866 3131 914 3184 illa
934 3128 1069 3195 iutelligit,
1092 3140 1157 3193 quae
1174 3124 1203 3178 L.
1221 3123 1294 3177 Sulla
1316 3123 1462 3177 hominibus

301 3218 493 3289 proscribendis
511 3219 630 3286 agrisqrm
640 3218 804 3287 publicandis
815 3215 972 3285 reipublicae
989 3212 1119 3277 intulerat,
1135 3225 1203 3280 quse
1219 3210 1280 3278 quia
1297 3212 1413 3279 ternpore
1429 3224 1463 3262 ex
1544 3235 1546 3238 ·

301 3319 381 3358 aensu
398 3305 512 3358 deitatis
529 3309 698 3370 evanuerant,
714 3294 834 3357 renovari
849 3299 954 3355 omuino
972 3297 1082 3351 nolebat
1109 3294 1208 3348 -Altara
1224 3309 1304 3349 causa
1319 3297 1374 3359 eet,
1394 3294 1462 3363 qnod

301 3380 488 3441 obenimrmam
504 3387 540 3440 sit
555 3390 672 3456 tempus,
694 3388 814 3440 nimirum
835 3383 904 3455 quod
921 3384 951 3438 L.
967 3382 1079 3437 Gatilius
1100 3381 1206 3449 eiusque
1228 3381 1293 3434 socii
1320 3380 1462 3444 instabunt,

291 3473 346 3542 'qui
362 3476 462 3526 onum
479 3473 664 3527 dissensionem
681 3472 841 3535 alliciebant,
859 3471 888 3522 ut
908 3481 1003 3520 noram
1019 3465 1095 3520 adiici
1117 3468 1187 3519 esset
1207 3465 1407 3518 inutilissimum.
1428 3490 1462 3501 —

301 3559 369 3613 bunc
387 3567 490 3624 statmo,
508 3555 576 3625 eum,
592 3575 668 3629 quem
677 3559 750 3615 Sulla
767 3559 822 3613 suis
838 3555 940 3625 legibus
952 3553 1130 3616 constituerat,
1146 3546 1219 3604 erius
1236 3553 1375 3618 patronum
1392 3550 1462 3616 apud

301 3645 426 3715 populum
443 3661 472 3698 ae
488 3645 603 3714 profiteri
620 3661 673 3699 uon
693 3648 802 3699 voratu.
829 3650 870 3681 -'
889 3642 919 3693 ic
940 3640 1007 3693 dunc
1030 3655 1128 3692 annom
1147 3635 1307 3706 reipublicae
1331 3629 1483 3702 consessus*

301 3729 357 3784 risa
384 3729 524 3783 Evertebat
539 3731 694 3783 sententium
702 3729 732 3784 P.
740 3728 879 3791 llanutius,
896 3741 955 3780 cum
972 3729 1063 3778 contra
1079 3723 1196 3776 codicum
1213 3735 1367 3775 consensum
1378 3733 1462 3772 emen-

302 3815 376 3870 drrst
390 3816 525 3885 pressam
542 3817 598 3868 sinu
633 3816 681 3869 Est
697 3816 765 3868 enim
781 3815 810 3866 in
827 3812 974 3867 coufitendo
990 3812 1016 3866 b.
1034 3812 1051 3866 l.
1070 3809 1164 3864 acerba
1181 3807 1306 3877 quaedam
1324 3805 1462 3869 simulatio,

303 3917 381 3971 quam
399 3903 484 3972 perire
501 3903 589 3966 nolim,
606 3905 636 3956 ut
653 3902 686 3955 de
703 3917 743 3968 eo,
759 3903 787 3954 in
804 3915 855 3969 qno
872 3899 918 3953 alii
935 3897 1040 3968 gloriari
1056 3910 1135 3965 posse
1151 3893 1299 3958 rideantur,
1316 3891 1461 3946 contessum

302 4002 331 4040 as
348 4002 407 4042 osae
425 3989 502 4043 dicat.
533 3988 596 4053 Nec,
613 3989 637 4042 si
655 3987 729 4041 Osos.
746 3987 807 4042 bell.
824 3987 874 4041 civ.
892 3986 913 4053 1,
931 3985 965 4040 84
981 4001 1008 4038 se
1024 3985 1106 4038 victos
1123 3981 1240 4048 corpiten'
1255 3980 1335 4045 dixit,
1358 3977 1463 4032 infiniti-

301 4086 362 4125 vum
381 4072 505 4127 omissum
522 4087 580 4126 esse
598 4086 675 4141 aegre
691 4072 811 4125 feremus.
851 4072 933 4126 lulio
955 4075 1040 4126 autem
1063 4070 1140 4123 etiarn
1162 4066 1248 4120 minus
1268 4065 1350 4134 probo
1367 4064 1463 4117 Laure-

302 4156 406 4224 dsnnm,
424 4159 469 4226 qui
485 4159 515 4211 ia
532 4159 600 4220 benc
617 4174 714 4211 onnam
727 4158 826 4228 populo
844 4155 963 4227 Romam
980 4154 1094 4223 scripsit.
1119 4151 1186 4204 llam
1203 4165 1288 4202 accus
1303 4145 1462 4216 reipublicae

305 4241 399 4296 dicitur
416 4257 498 4296 sunus
516 4241 671 4310 reipublicae
688 4241 823 4308 gerendm,
840 4243 871 4293 ut
887 4239 1056 4305 orat.ll,4,9
1075 4239 1123 4291 ait:
1141 4236 1200 4290 dui
1215 4236 1245 4288 ia
1261 4240 1353 4287 scama
1369 4232 1398 4285 in
1414 4231 1462 4285 boc

303 4329 462 4398 moutam
477 4344 518 4382 me
531 4328 687 4397 popularem
703 4327 832 4379 eoosdem
847 4326 978 4394 sutorum.
1013 4326 1052 4380 Ac
1074 4340 1178 4380 necesse
1195 4326 1236 4376 est
1256 4322 1319 4374 illud
1337 4319 1405 4388 quod
1421 4323 1463 4373 est

302 4414 397 4470 inlice
414 4414 713 4486 mopisbctoaddatun
734 4430 795 4466 nam
818 4414 895 4468 aliter
911 4412 1046 4468 ridiculum
1068 4410 1186 4465 rideatur
1201 4424 1273 4474 esse,
1298 4407 1322 4461 si
1338 4407 1365 4459 in
1382 4421 1461 4459 uuum

304 4516 398 4557 sunum
415 4504 464 4556 otii
481 4506 619 4572 patronum
636 4516 666 4554 se
682 4499 798 4553 futorum
814 4514 873 4553 esse
891 4499 968 4552 dicat

381 4589 416 4645 b.
433 4589 463 4645 L.
479 4587 593 4643 Florem
609 4589 733 4642 intem
760 4585 824 4640 dum
838 4592 911 4641 'anno
927 4585 963 4639 82
979 4600 1003 4638 ι
1013 4582 1072 4638 (ihr.
1088 4582 1165 4637 victis
1183 4579 1386 4635 adversariorum
1402 4595 1461 4648 par·
1491 4605 1494 4610 ·

304 4676 373 4731 tibus
390 4675 420 4731 L,
433 4674 507 4730 Sulla
524 4679 579 4730 tots
596 4675 729 4744 republica
746 4674 845 4743 potitus
862 4675 939 4738 esset,
954 4673 1110 4739 interregem
1128 4670 1162 4723 ab
1179 4673 1271 4722 sonato
1287 4668 1370 4720 creari
1385 4666 1475 4753 iussit
1508 4716 1516 4725 ,
