3550 5492
695 596 909 659 ..97-

217 762 349 843 propter
369 756 531 822 hominum
545 756 804 822 necessitudinem
826 763 857 820 et
878 763 1002 842 propter
1017 759 1214 841 aequitatem,
1237 757 1383 838 Quirites,

219 881 316 947 saepe
330 860 528 925 vehementer
543 859 668 944 gaudeo.
703 859 763 924 Sed
778 883 856 946 quae
872 862 947 926 hacc
962 863 1176 947 impudentia?
1202 862 1261 939 Qui
1276 883 1385 945 agrum

222 962 401 1027 censorium
425 960 593 1046 possident,
616 967 768 1026 uetustate
790 966 989 1048 possessionis
1011 987 1060 1045 se,
1083 987 1144 1029 nou
1166 966 1243 1047 iure,
1265 964 1386 1029 miseri-

221 1065 329 1131 cordia
349 1070 485 1146 senatus,
509 1086 570 1128 non
586 1065 652 1147 agri
675 1065 850 1130 condicione
866 1065 1044 1130 detendunt.
1077 1066 1157 1130 Nam
1171 1067 1261 1130 illum
1276 1088 1385 1151 agrum

220 1167 385 1254 publicum
411 1187 479 1232 esse
502 1168 652 1231 fatentur:
682 1189 715 1230 se
742 1169 859 1232 moveri
886 1169 1142 1254 possessionibus,
1161 1171 1386 1234 amoenissimis

223 1271 351 1337 sedibus
374 1292 410 1335 ae
432 1270 493 1335 diis
516 1271 690 1355 penatibus,
714 1277 830 1354 negant
855 1277 1001 1356 oportere.
1045 1272 1106 1352 Ac,
1129 1271 1154 1335 si
1179 1277 1225 1334 cst
1245 1273 1386 1356 privatus

222 1396 297 1461 ager
319 1375 488 1457 censorius,
512 1374 586 1460 quid
610 1397 681 1439 oum
703 1376 839 1460 excipis?
862 1378 912 1441 sin
935 1381 1040 1440 autem
1061 1375 1213 1461 publicus,
1239 1383 1386 1459 quaeest

221 1480 287 1544 ista
310 1478 458 1562 aequitas,
481 1482 607 1558 ceteros,
631 1477 754 1542 etiamsi
776 1479 887 1563 privati
913 1479 992 1560 sint,
1014 1478 1249 1562 permitterent
1270 1477 1386 1562 publici

221 1583 418 1648 iudicentur:
441 1582 524 1646 hunc
546 1582 684 1672 excipere
700 1583 895 1664 nominatim,
919 1582 972 1667 qui
995 1581 1138 1666 publicus
1154 1601 1220 1645 csse
1235 1580 1386 1644 fateatur?

311 1782 411 1830 odraus,
424 1784 470 1832 ipre
484 1784 620 1825 venementer.
635 1805 659 1813 -
674 1794 729 1833 qnuc
742 1787 773 1824 est
790 1784 849 1822 baec.
866 1803 892 1812 -
909 1793 987 1832 aprum
1004 1782 1170 1825 Recentoricum.
1189 1799 1214 1811 -
1231 1781 1386 1828 antiquissimis

221 1850 310 1893 uanae
322 1861 350 1891 cc
362 1852 402 1892 clia
416 1868 441 1881 -·
453 1862 508 1902 cuer
521 1852 678 1894 Recentoricus.

226 2013 379 2068 blandiatur
401 2015 498 2084 populo
520 2017 627 2084 eiusque
650 2018 791 2085 potentiam
814 2016 918 2081 efferat,
946 2016 1030 2069 verbis
1055 2032 1110 2069 rem
1136 2018 1224 2086 augeri
1253 2020 1384 2084 appareat.

222 2100 389 2169 Aequitatem
407 2099 555 2168 excipiendi
573 2101 627 2169 agri
646 2101 763 2153 concedit
776 2105 870 2165 orator,
889 2102 966 2169 pauci
979 2103 1091 2166 omnine,
1104 2117 1155 2155 non
1168 2103 1313 2169 optimates,
1331 2103 1386 2170 opi-

222 2200 281 2250 nor,
301 2184 348 2237 aad
365 2184 511 2253 populares,
530 2200 649 2253 agrorum
667 2187 828 2254 publicorum
846 2189 941 2256 cupidi,
958 2189 1089 2256 publicum
1107 2204 1165 2241 eum
1183 2204 1239 2241 esse
1258 2187 1385 2240 dicebant.

222 2270 279 2323 Iam
296 2283 356 2322 cum
372 2273 493 2338 quattuor
511 2285 631 2339 agrorum
650 2286 743 2337 genera
761 2274 787 2325 in
801 2273 890 2327 Sicilia
901 2275 962 2339 sint,
981 2291 1027 2327 nec
1045 2274 1234 2327 foederatarum
1253 2275 1386 2328 civitatum

226 2370 307 2425 agros
325 2370 373 2407 nec
390 2355 526 2408 liberarum
546 2357 679 2425 quisquam
697 2373 809 2424 unquam
827 2359 912 2411 dicere
930 2362 1015 2428 potuit
1032 2361 1149 2429 publicos
1166 2377 1228 2430 pop.
1241 2362 1314 2413 Rom.
1329 2376 1386 2413 esse

221 2440 317 2503 iactos,
334 2455 382 2492 nec
398 2440 482 2510 magis
500 2440 683 2503 decumauum3
699 2457 756 2492 nam
774 2444 797 2495 is
819 2449 879 2498 ante
902 2447 1037 2513 imperium
1057 2448 1200 2499 Romanum
1224 2447 1312 2500 eodem
1330 2447 1385 2500 iure

222 2524 319 2579 fuerat
357 2524 482 2594 Superest
499 2531 618 2594 quartum
638 2542 728 2596 genus,
747 2527 778 2579 de
796 2543 846 2596 quo
864 2530 892 2580 in
911 2528 984 2582 Verr.
1003 2530 1047 2593 111,
1057 2530 1082 2593 6,
1093 2528 1125 2582 13
1143 2531 1181 2581 sic
1199 2534 1250 2583 est:
1269 2529 1386 2598 Perpau-

222 2626 270 2663 cac
288 2608 400 2663 Siciliae
418 2611 536 2663 civitates
554 2619 615 2663 scutit
631 2611 694 2664 bello
712 2630 729 2663 n
747 2613 889 2665 siccioribus
914 2616 1011 2666 nostris
1032 2614 1167 2667 subactae.-
1190 2633 1300 2682 quercina
1322 2631 1387 2683 uper

224 2712 284 2749 cum
302 2702 368 2749 esset
379 2696 500 2766 publicus
514 2698 608 2765 populi
625 2696 739 2749 Rorrrnni
750 2698 850 2764 finctus,
869 2707 954 2752 toccien
971 2699 1025 2751 illis
1042 2707 1082 2752 est
1097 2701 1227 2765 redditus,
1245 2702 1269 2752 is
1287 2717 1351 2769 aper
1368 2720 1385 2754 a

224 2781 374 2836 censoribus
392 2783 476 2836 Iocari
492 2783 563 2836 solet.
591 2783 682 2836 Nonne
700 2784 776 2837 huius
795 2786 851 2855 agri
868 2789 962 2838 natura
979 2800 1084 2853 prorsus
1102 2802 1133 2838 ea
1150 2795 1198 2850 ost,
1215 2803 1293 2854 quam
1309 2802 1386 2853 quae

222 2869 323 2922 rimus?
357 2867 424 2921 Nam
441 2870 578 2922 constabat
597 2870 727 2938 publicum
745 2887 806 2939 pop.
824 2873 898 2925 Rom.
917 2887 975 2924 esse
993 2872 1102 2935 factum,
1121 2871 1167 2924 sed
1184 2872 1253 2940 quod
1270 2871 1385 2926 redditus

222 2958 297 3017 erat,
313 2955 428 3024 plerique
444 2956 681 3024 interpretabantur
702 2958 730 3009 in
752 2960 905 3025 perpetuum
927 2945 1118 3026 possessionem
1143 2973 1200 3010 esse
1227 2971 1385 3022 concessam,

222 3042 303 3110 pauci
320 3056 398 3110 posse
415 3058 505 3096 rursus
518 3044 546 3096 in
559 3044 689 3111 publicum
707 3043 798 3112 redigi.
825 3044 893 3109 Quid
909 3045 1007 3112 igitur?
1024 3045 1045 3097 si
1063 3044 1227 3097 emendemus
1245 3044 1386 3108 censmins,

223 3143 312 3181 nonne
329 3131 356 3181 et
372 3142 431 3181 eum
448 3144 537 3198 agrum
555 3133 697 3194 teneamus,
716 3145 790 3197 quem
803 3134 915 3199 oportet,
932 3135 958 3183 et
974 3131 1052 3184 rerba
1065 3130 1195 3184 Ciceronis
1213 3131 1309 3199 optime
1325 3146 1386 3199 pos·

223 3214 307 3269 simne
325 3214 471 3283 explicare?
498 3216 551 3270 Nec
568 3217 684 3285 proiecto
703 3235 719 3269 a
736 3218 866 3272 codicibus
876 3219 984 3272 multum
997 3220 1156 3283 recedemus,
1172 3220 1199 3271 in
1216 3219 1309 3288 quibus
1326 3234 1385 3271 cum

224 3299 306 3353 semel
321 3316 355 3353 ex
371 3317 436 3369 apro
453 3303 577 3366 censorio,
595 3305 705 3371 repetita
721 3304 816 3372 prioris
828 3306 948 3359 vocabuli
960 3306 1051 3358 rdtima
1062 3306 1164 3374 syllaba
1174 3306 1305 3357 extitisset
1322 3321 1387 3373 uper

222 3386 401 3463 recensorius,
419 3388 609 3451 reccnwricus,
628 3391 790 3442 constantiae
809 3405 886 3443 causa
904 3391 982 3443 etiam
1005 3391 1049 3444 ubi
1067 3391 1118 3443 alia
1136 3390 1263 3443 vocabula
1282 3403 1386 3457 praece-

226 3472 333 3537 debant,
350 3488 423 3526 errer
439 3475 563 3542 repetitus
575 3478 621 3527 cst
650 3475 808 3544 Quamquam
826 3477 943 3544 profecto
956 3478 1128 3529 comesturam
1140 3477 1206 3529 hanc
1218 3492 1276 3528 esse
1293 3476 1386 3538 fateor,

223 3559 271 3612 sed
289 3574 355 3623 eam,
372 3560 400 3612 in
418 3575 477 3628 qua,
495 3560 555 3613 dum
568 3561 750 3615 Recentoricus
769 3578 830 3632 ager
846 3564 939 3616 melius
952 3563 1105 3630 explicetur,
1123 3564 1285 3631 acquiescere
1302 3562 1386 3628 possi·

223 3659 292 3697 mus.
310 3672 344 3681 -
358 3652 469 3714 propter
486 3645 614 3698 leoninum
632 3648 845 3700 necessitudinem
861 3650 878 3700 i.
897 3664 919 3700 e.
938 3652 1045 3716 propter
1067 3663 1137 3709 eam,
1159 3662 1235 3714 quam
1256 3646 1385 3698 cumillis

222 3730 373 3784 hominibus
390 3731 473 3784 habeo
491 3733 714 3786 necessitudinem.
750 3733 858 3786 Constat
874 3735 943 3787 enim
961 3733 1108 3786 Ciceronem
1126 3731 1243 3797 Lilybaei
1260 3732 1287 3782 in
1297 3730 1386 3782 Sicilia

223 3817 308 3871 tuisse
330 3820 493 3887 quaestorem
515 3834 621 3888 earnque
644 3820 859 3873 necessitudinem
884 3823 976 3888 postea
994 3819 1021 3872 C.
1036 3818 1120 3870 'Verre
1145 3815 1289 3869 accusando
1312 3831 1383 3868 reno·

223 3916 311 3955 rasae.
346 3901 389 3956 Sic
406 3905 434 3957 in
451 3905 655 3973 epist.Xlll,10
673 3910 712 3959 est
730 3906 868 3958 liberorum
885 3906 1044 3958 necessitudo
1062 3906 1112 3957 i.e.
1130 3919 1167 3966 ea,
1186 3918 1251 3969 quae
1269 3906 1309 3954 est
1326 3918 1384 3955 cnm

222 3990 323 4055 liberis,
341 3991 417 4058 epist.
426 3991 497 4055 XIII,
514 3993 555 4057 ll,
569 3993 586 4044 3
604 3994 691 4045 Bornos
710 3995 780 4046 ciros
798 3994 835 4046 acl
852 4000 923 4046 tanen
940 3991 1152 4045 necessitudinem
1169 3988 1321 4041 ncliunneris
1335 3989 1352 4040 i.
1362 4003 1384 4041 e.

225 4076 260 4128 ad
277 4077 493 4130 necessitudinem
511 4082 596 4131 tecum
614 4079 758 4144 ineundam,
776 4080 838 4133 ibid.
857 4080 934 4145 Xlll,
954 4079 998 4143 19,
1018 4079 1034 4130 2
1052 4078 1176 4146 Lysonem
1199 4076 1226 4126 in
1244 4075 1325 4141 fidens
1343 4091 1385 4127 ne·

224 4162 455 4230 cessitudc'nernque
474 4171 542 4216 tunm
561 4166 682 4233 recipias.
701 4195 735 4202 —
758 4183 835 4234 saepe
852 4167 1012 4219 selernentcr
1032 4164 1141 4232 pendeo.
1176 4164 1277 4230 Magnis
1299 4161 1385 4213 serbis

222 4249 320 4313 utitur;
338 4264 421 4318 neque
440 4242 507 4303 enim
525 4251 568 4303 lex
586 4252 695 4304 Servilia
713 4268 744 4304 ex
763 4252 840 4318 longo
858 4256 974 4320 tempore
992 4255 1054 4304 ueta
1071 4254 1134 4304 erat.
1170 4250 1220 4302 Sed
1238 4248 1309 4301 nulla
1326 4263 1386 4315 pro-

222 4335 293 4388 iecto
311 4339 352 4388 est
368 4352 459 4403 causa,
478 4353 522 4390 cur
546 4342 590 4391 aut
607 4339 758 4391 Lauredano
781 4356 843 4391 sance
865 4340 1024 4392 veliementer
1046 4342 1090 4391 aut
1108 4338 1217 4391 Cratero
1241 4336 1296 4405 ipse
1312 4334 1385 4387 velnc-

222 4428 324 4475 menter
340 4423 486 4477 emendanti
504 4425 645 4478 credamus.
676 4424 714 4479 Ci.
732 4425 799 4477 inira
815 4424 875 4490 §65
894 4425 963 4494 quod
980 4425 1138 4478 simillimum
1155 4428 1203 4488 est,
1221 4438 1320 4490 semper
1332 4436 1384 4490 pn·

225 4507 290 4561 tuci.
308 4536 342 4547 -
361 4511 554 4564 crnoenc’ssincis.
603 4509 739 4563 Praeclara
762 4512 826 4564 haec
848 4515 890 4565 est
913 4511 967 4565 cod.
985 4512 1047 4581 Lag.
1065 4514 1081 4564 9
1098 4512 1188 4574 lectio,
1212 4525 1270 4562 cum
1292 4507 1384 4576 reliqui

224 4594 340 4649 habeant
357 4597 529 4662 crnim'ssirnis
547 4598 616 4667 quod
634 4598 702 4667 apud
720 4603 823 4667 poetam
839 4600 940 4666 ferrem,
959 4601 1028 4671 apud
1045 4599 1193 4654 Ciceronem
1210 4594 1315 4648 tolerari
1333 4608 1385 4645 non

222 4685 314 4754 potest
329 4688 532 4756 receperuntque
549 4686 602 4739 lere
619 4686 731 4739 editores
748 4686 893 4740 lauredcni
916 4689 1088 4743 coniecturam
1112 4681 1307 4751 ontipsissr'rnr’s.
1342 4675 1382 4730 ct.

1162 4778 1178 4831 7
