3550 5492
784 582 1016 650 -117-

318 749 403 832 urbs,
426 771 504 836 quae
530 749 646 815 bellum
679 750 777 813 lacere
799 752 892 834 atque
919 748 1073 814 instruere
1095 750 1209 835 possit,
1236 752 1410 836 quaeritur,
1433 757 1481 816 ta·

318 872 432 916 menne
453 850 616 938 patiemini
637 855 739 914 vestro
761 849 885 915 nomine
908 858 1014 918 contra
1036 873 1089 918 vos
1111 853 1228 917 firmari
1251 876 1340 940 opes,
1363 853 1479 919 firmari

317 954 482 1040 praesidia,
505 955 606 1035 nrbes,
629 974 726 1038 agros,
750 953 852 1039 copias
881 953 1072 1040 comparari?
1115 953 1195 1018 Nam
1224 974 1334 1038 agrum
1355 956 1522 1041 quidemld

318 1056 522 1143 Campanum,
545 1077 637 1141 quem
658 1055 746 1121 vobis
768 1062 933 1138 estonam,
955 1056 1017 1141 ipsi
1039 1055 1297 1139 concupiverunt:
1328 1057 1480 1123 deducent

317 1180 400 1241 suos,
421 1170 553 1244 quorum
568 1159 693 1224 nomine
714 1157 775 1243 ipsi
793 1164 920 1224 teneant
934 1164 965 1222 et
978 1159 1136 1223 fruanturr
1159 1165 1298 1223 coement
1310 1167 1478 1246 praeterea,

402 1343 490 1381 armore·
499 1343 620 1392 praesidia

315 1494 401 1542 uester
418 1488 504 1550 bonos,
523 1491 578 1540 tum
590 1486 649 1554 sert
665 1486 823 1540 commonebo
841 1479 895 1540 sive
908 1486 1073 1551 commovebo,
1090 1502 1156 1556 quae
1172 1486 1315 1540 rectissime
1332 1488 1479 1542 emendarit

314 1572 373 1627 Nic.
383 1571 519 1641 Angelius,
531 1571 608 1638 longe
620 1570 707 1639 plures
726 1586 757 1624 ac
770 1569 888 1624 meliores
906 1573 984 1626 etiam
1002 1573 1091 1627 otiosis
1108 1573 1231 1638 munibus,
1248 1573 1386 1642 quodiam
1403 1577 1478 1627 vetus

315 1658 408 1727 aliquis
425 1657 546 1709 librarius
564 1656 666 1709 ridetur
682 1657 833 1710 correxisse.
862 1656 927 1709 Item
939 1658 1007 1725 quod
1024 1658 1150 1712 edidimus
1168 1656 1204 1710 Sc·
1219 1664 1258 1710 est
1269 1657 1385 1710 caricibus
1398 1659 1477 1722 vobis,

314 1744 339 1795 si
354 1742 452 1794 maiori
467 1747 580 1793 oestrmm
595 1740 678 1808 porti,
697 1756 785 1793 omnes
803 1740 861 1798 cod.
879 1740 986 1795 alteram
1004 1743 1155 1812 particulam
1175 1744 1199 1796 sl
1215 1744 1349 1807 omittunt,
1368 1761 1418 1812 qua
1436 1760 1476 1796 ca·

314 1843 369 1882 rere
388 1843 439 1880 non
455 1841 604 1894 possumus:
623 1826 704 1880 edidit
721 1826 824 1895 quidem
841 1843 899 1880 eam
916 1831 1013 1896 primus
1024 1830 1044 1884 1.
1054 1829 1084 1883 G.
1094 1829 1213 1886 Baiterus
1231 1846 1264 1883 ex
1282 1833 1345 1884 nota
1362 1832 1474 1900 quadam

314 1915 441 1968 Torrentii
451 1915 549 1979 lavim,
561 1915 684 1968 facillima
703 1915 887 1981 emendatione,
906 1932 963 1969 cum
980 1917 1005 1969 si
1020 1917 1194 1970 antecedentis
1207 1916 1326 1968 vocabuli
1341 1920 1473 1985 postrema

314 2008 338 2056 et
354 2004 515 2070 insequentis
533 2003 617 2071 prima
633 2003 719 2056 littera
737 2003 858 2057 haustum
874 2019 932 2058 esse
949 2003 1073 2059 rideatur.
1113 2003 1187 2068 Quod
1209 2003 1269 2056 olim
1287 2004 1411 2056 edebatur
1428 2011 1477 2056 aut

314 2090 410 2142 maiori
426 2090 558 2158 -parti,
576 2091 604 2142 in
621 2089 716 2143 Aldina
734 2091 846 2143 editione
863 2091 972 2158 pumum
992 2091 1102 2143 arbitror
1118 2090 1237 2155 inveniri,
1256 2090 1302 2142 sed
1320 2089 1347 2142 id
1365 2093 1391 2142 et
1409 2089 1475 2144 difli-

315 2174 427 2240 ciliorem
446 2172 568 2226 nascendi
591 2175 787 2242 explicationem
809 2175 888 2227 habet
910 2190 956 2227 nec
978 2182 1026 2228 uut
1041 2175 1066 2228 h.
1084 2175 1101 2227 l.
1124 2178 1213 2243 aptum
1234 2173 1336 2226 videtur
1355 2189 1422 2228 esse.
1441 2202 1475 2213 -

314 2259 452 2315 ccmmr‘oebo
469 2260 487 2313 i
505 2276 529 2312 e.
546 2260 617 2313 velut
639 2260 720 2315 oculis
737 2261 831 2314 clausis
849 2249 1016 2315 dissimulabo
1034 2261 1244 2331 commodumque
1263 2263 1377 2312 vostrum
1395 2261 1474 2313 boue-

313 2347 373 2399 stati
398 2347 520 2414 anteponi
542 2346 634 2414 patiar.
670 2347 822 2415 Oppositum
844 2352 884 2400 est
906 2348 1021 2416 vigilare.
1063 2348 1101 2403 ct.
1120 2348 1153 2402 de
1170 2348 1212 2402 cll.
1229 2348 1255 2412 1,
1273 2346 1320 2401 ‘252
1349 2346 1402 2409 Qui
1422 2346 1473 2401 rei-

312 2432 430 2501 publicae
443 2433 597 2502 pruesuturl
613 2441 681 2498 sumt,
699 2432 750 2487 duo
770 2433 887 2488 Plutonis
909 2443 1052 2505 praecepto
1070 2442 1185 2498 remeunt,
1203 2452 1282 2488 uuum
1299 2462 1333 2472 -
1353 2434 1472 2496 obteram,

313 2527 339 2571 st
355 2525 436 2572 totum
448 2534 542 2587 corpus
559 2518 718 2587 reipublicae
736 2526 834 2582 moreat,
852 2535 884 2573 me
897 2520 957 2572 dum
969 2527 1074 2590 portem
1092 2521 1208 2588 aliquam
1226 2525 1337 2581 tueatur,
1357 2517 1472 2585 reliquus

313 2604 439 2658 deserunt.
457 2631 491 2640 —
509 2603 547 2655 ud
562 2603 615 2654 vim
631 2602 736 2667 sacimas
754 2603 906 2671 caedemque
924 2604 1037 2658 delectis.
1066 2605 1105 2658 De
1121 2604 1213 2657 iisdem
1225 2603 1321 2657 colonis
1339 2603 1471 2668 inlra§82

311 2687 400 2741 Primo
423 2688 525 2756 quidum
548 2705 636 2752 ceres,
659 2690 697 2742 ud
716 2690 768 2742 cim
786 2691 917 2760 prompti,
941 2692 978 2743 ud
997 2691 1147 2744 seditionem
1164 2690 1271 2759 parati,
1293 2689 1339 2757 qut
1361 2688 1471 2742 siomuluc

310 2772 388 2826 Xclri
405 2774 595 2842 increpuerint,
618 2775 717 2826 arctati
738 2775 767 2826 im
789 2775 859 2828 ca'ves
881 2780 907 2828 et
929 2775 1045 2845 eupcdc'tc'
1066 2776 1103 2828 cd
1124 2774 1212 2827 urbem
1235 2788 1289 2826 esse
1307 2773 1423 2843 possint,
1444 2778 1471 2826 et

310 2858 367 2926 §84
384 2858 425 2912 Iris
442 2859 554 2913 robustis
572 2867 598 2913 et
613 2860 758 2913 oubmtibus
775 2868 801 2913 et
817 2861 960 2914 audacibus
977 2860 1089 2914 Xuirum
1106 2858 1269 2922 satellitibus,
1286 2863 1352 2912 orat.
1370 2859 1390 2922 1,
1399 2860 1424 2923 6,
1438 2859 1471 2912 18

309 2942 395 2998 coloci
411 2946 505 3019 delecti
521 2947 559 2998 ud
575 2962 647 2999 ornme
659 2946 769 3014 socium
787 2965 805 3000 c
822 2947 915 3000 Xoc‘re's
932 2946 1132 3002 collocabuntur.
1151 2974 1184 2984 -
1208 2944 1299 2999 ὂεὶἰανη
1310 2944 1404 3013 secere
1422 2944 1472 2997 dil-

307 3032 358 3094 lert
375 3029 409 3085 ab
426 3031 560 3085 inferendo
577 3031 659 3095 bello;
684 3035 726 3086 est
743 3033 811 3085 enim
828 3034 893 3098 eius,
911 3034 956 3103 qui
973 3037 1059 3087 tantas
1076 3048 1140 3101 opes
1157 3031 1251 3096 babet,
1269 3034 1299 3084 ut
1316 3030 1411 3084 bellum
1428 3047 1471 3085 su⁷

306 3118 404 3172 stinore
421 3119 510 3186 possit
547 3117 586 3172 Gt.
604 3122 630 3187 pL
648 3119 702 3174 llil.
719 3119 770 3184 23,
789 3119 822 3174 63
845 3119 984 3189 occupabit
1004 3120 1116 3188 aliquem
1139 3119 1234 3181 locam,
1257 3116 1349 3170 bellom
1361 3117 1471 3186 patriae
1524 3132 1526 3137 ’

300 3206 396 3272 saciet.
431 3204 511 3257 Paulo
529 3209 590 3274 post
606 3206 662 3259 sine
680 3206 839 3260 dubitatione
856 3208 925 3276 quod
942 3209 968 3260 in
987 3208 1084 3275 optimo
1102 3206 1190 3260 codice
1207 3207 1248 3258 est
1266 3203 1409 3271 recepimus
1420 3202 1471 3268 fir-

305 3292 377 3345 murr'
390 3291 537 3360 praesidia.
572 3291 662 3360 Neque
680 3295 747 3346 enim
765 3309 853 3347 verum
870 3298 927 3347 erat
944 3293 1120 3348 constituenda
1136 3293 1239 3362 Capuae
1256 3290 1355 3365 colonia
1375 3288 1472 3341 armari

304 3376 452 3446 praesidia,
468 3377 588 3444 quoniam
607 3393 678 3429 arma
696 3377 794 3432 colonis
812 3395 863 3432 non
883 3379 1017 3432 dabantur.
1044 3378 1097 3432 Sed
1113 3376 1271 3446 praesidium
1289 3379 1389 3429 tantum
1407 3390 1467 3428 con-

304 3462 461 3516 stituebatur
478 3467 505 3517 et
522 3465 624 3533 quidem
636 3467 743 3532 firmum
761 3467 832 3533 (nam
850 3469 886 3521 sic
905 3483 981 3538 saepe
1000 3468 1110 3532 dicitur),
1128 3483 1178 3536 quo
1197 3467 1241 3535 qui
1259 3466 1354 3519 bellum
1373 3464 1468 3517 inferre

303 3550 409 3614 vellent,
426 3551 465 3602 uti
481 3555 595 3620 possent
1474 3597 1478 3603 .

392 3634 434 3688 ts.
452 3635 523 3688 Num
546 3654 638 3706 aprum
660 3639 763 3707 quidem
782 3638 950 3710 Campanum.
985 3642 1057 3694 Dixit
1075 3641 1107 3692 de
1125 3639 1222 3707 oppido
1241 3636 1343 3703 Capua,
1365 3636 1394 3687 in
1418 3649 1468 3702 quo

304 3722 348 3791 qui
365 3722 588 3776 constituebantur
606 3725 689 3778 coloni
713 3727 762 3778 etsi
780 3743 831 3778 nou
854 3726 937 3779 solum
955 3727 1070 3791 domum,
1092 3741 1181 3778 verum
1203 3724 1282 3775 etiam
1301 3737 1391 3789 agrum
1409 3735 1467 3772 cum

306 3806 382 3861 domo
402 3809 566 3862 coniunctum
594 3811 766 3880 accipiebant,
789 3813 828 3864 sic
845 3816 931 3864 tamen
949 3813 1047 3865 Xuiros
1076 3812 1189 3864 facturos
1214 3809 1289 3869 dicit,
1317 3809 1346 3859 ut
1368 3805 1467 3858 colonis

306 3910 397 3963 agrum
416 3893 557 3948 adimerent
574 3912 654 3966 eoquo
671 3899 723 3966 ipsi
740 3898 892 3950 fruerentur.
922 3896 1006 3960 Quare
1023 3898 1083 3950 hinc
1100 3912 1152 3949 non
1170 3893 1319 3947 debebimus
1338 3890 1468 3957 colligere,

307 3980 363 4034 aliis
382 3981 529 4036 bominibus
547 3987 630 4036 sortes
647 4000 767 4053 agrorum
790 4000 847 4038 esse
865 3984 954 4048 datas,
979 3983 1035 4037 aliis
1059 3983 1148 4036 domos
1167 3982 1193 4034 in
1211 3981 1269 4047 ipso
1287 3975 1391 4046 oppido.
1427 3972 1467 4026 (ll.

303 4064 368 4119 intra
386 4064 444 4132 §85
462 4067 600 4122 desudem
619 4082 680 4138 agro
699 4072 745 4137 qul
761 4071 1000 4134 comsummetur,
1019 4070 1081 4123 aliis
1098 4071 1274 4137 comparatur.
1291 4090 1325 4101 -
1339 4059 1468 4113 'deducent

304 4170 361 4206 suos
380 4155 398 4207 i.
416 4170 439 4206 e.
457 4156 625 4224 propinquos,
643 4156 758 4221 clientes,
775 4158 891 4223 libertos,
908 4158 1019 4211 fortasse
1036 4158 1113 4209 etiarn
1131 4170 1189 4218 eos,
1213 4150 1304 4220 quibus
1323 4150 1389 4202 hanc
1407 4160 1467 4198 eon·

305 4239 432 4295 dicionem
449 4242 590 4310 imponant,
609 4245 639 4294 ut
656 4258 742 4296 secum
756 4247 855 4311 partem
867 4245 996 4298 fructuum
1014 4240 1200 4296 communicent
1218 4236 1257 4288 vel
1281 4250 1370 4304 agrum
1382 4233 1466 4285 totum

305 4340 384 4393 parvo
402 4329 485 4396 pretio
498 4327 597 4381 cedant
618 4320 699 4392 'Quod
716 4329 794 4396 paulo
812 4334 923 4398 postest
938 4331 969 4382 in
986 4329 1115 4384 codicibus
1129 4325 1247 4379 omnibus
1261 4326 1384 4384 coemunt,
1396 4320 1466 4370 recte

304 4409 470 4466 Lauredanus
483 4414 594 4467 correxit
608 4421 734 4478 commem,-
752 4431 811 4467 nam
835 4416 974 4468 absurdum
992 4420 1046 4470 est:
1066 4414 1191 4469 deducent
1208 4424 1277 4473 suos,
1295 4411 1324 4460 ut
1341 4408 1466 4467 coemant,

305 4500 379 4566 quasi
398 4500 432 4552 ab
450 4499 540 4553 alienis
559 4516 673 4553 coemere
692 4516 742 4554 non
759 4501 869 4570 possint.
906 4501 1094 4554 arcessendo
1113 4499 1369 4562 continuaturum,
1387 4506 1465 4560 quare

306 4587 443 4654 utrumque
461 4586 566 4638 verbum
584 4586 673 4639 eodem
691 4589 805 4654 tempore
822 4587 901 4640 scribi
919 4590 1027 4656 oportet.
1064 4586 1192 4641 Iliscimus
1210 4586 1295 4635 autem
1312 4580 1386 4642 binc,
1404 4575 1466 4630 Rul-

304 4672 357 4727 lum
376 4673 474 4726 colonis
494 4674 561 4727 dena
577 4674 667 4742 iugera
683 4674 711 4727 in
722 4688 785 4743 agro
799 4673 929 4744 Campano
942 4675 1069 4744 assignari
1080 4675 1195 4728 iussisse.
1221 4667 1361 4724 Definierst
1376 4663 1466 4732 igitur,
