3550 5492
765 560 1000 624 -166-

305 742 373 788 esse
394 721 584 787 dissimulat:
606 721 666 806 hio,
688 728 725 788 nt
738 714 806 809 ipse
827 721 939 788 habeat
953 720 1034 806 qnod
1055 720 1241 803 nonhabet,
1265 741 1344 806 quae
1367 722 1446 787 dubia

306 831 389 908 sunt,
411 846 466 911 per
488 845 541 891 vos
563 826 680 892 sancire
697 825 780 910 vult)
795 830 826 890 et
847 845 920 890 eum
941 844 1012 889 eum
1038 823 1109 909 plus
1132 828 1259 912 appetat
1279 834 1381 908 quam'
1393 825 1447 911 ipse

387 1019 466 1066 etcum
475 1025 533 1075 plue.

308 1190 407 1243 duabus
424 1188 500 1240 rebus
517 1187 568 1239 sita
585 1190 654 1250 erat,
674 1201 739 1255 quae
757 1201 836 1254 supra
853 1190 1066 1239 commemoratae
1088 1190 1175 1252 erant,
1192 1188 1219 1240 in
1237 1203 1282 1252 eo,
1302 1189 1372 1258 quod
1388 1207 1449 1261 agros

308 1274 429 1329 Sullanos
447 1275 545 1342 optimo
562 1273 617 1326 iure
634 1273 749 1342 privatos
767 1288 825 1326 esse
841 1272 930 1338 iussit,
948 1272 1053 1337 deinde,
1077 1273 1145 1343 quod
1162 1273 1312 1328 Ciceronem
1330 1268 1450 1330 Sullanum

308 1376 365 1415 esse
382 1358 555 1413 insimulabat.
590 1359 619 1412 In
642 1362 750 1428 utraque
771 1363 856 1412 autem
878 1358 969 1412 harum
992 1375 1076 1412 rernm
1100 1361 1325 1414 commemoranda
1341 1363 1450 1432 estquod

300 1449 465 1501 ‚haereamus
492 1445 559 1499 Nam
575 1446 640 1499 illud
657 1446 726 1513 quod
744 1459 831 1499 omnes
844 1445 947 1499 codices
960 1446 1016 1498 sine
1030 1445 1083 1498 ulla
1094 1447 1218 1499 varietate
1235 1448 1348 1501 retinent
1363 1456 1395 1501 et
1410 1449 1451 1518 ipse

308 1533 401 1587 babent
418 1531 487 1599 qaod
503 1549 554 1584 aaa
570 1531 647 1585 tebet
662 1531 724 1600 quid
740 1547 798 1585 esse
815 1532 945 1587 dicemus?
972 1533 1007 1584 At
1024 1532 1168 1597 Turnebus,
1185 1537 1215 1587 ιιι
1229 1535 1330 1602 optimo
1347 1536 1410 1601 iure,
1423 1537 1452 1588 in·

308 1622 372 1691 quit,
389 1619 492 1684 habeat,
509 1619 578 1689 quod
594 1620 673 1674 habet
690 1619 769 1673 nullo.
804 1619 869 1675 Eum
888 1619 968 1683 enim,
986 1619 1030 1688 qui
1047 1619 1118 1673 nullo
1135 1620 1191 1673 iure
1208 1620 1301 1686 babet,
1322 1637 1376 1675 non
1392 1624 1452 1691 putat

308 1705 411 1759 habere.
442 1705 483 1758 Sit
499 1705 544 1769 ita,
562 1708 591 1758 ut
608 1705 651 1773 qui
669 1720 759 1773 agrum
775 1702 845 1757 nullo
864 1704 920 1756 iure
936 1702 1039 1766 habeat,
1056 1718 1114 1756 eum
1132 1718 1184 1757 non
1200 1705 1296 1758 habere
1313 1708 1399 1775 possit
1414 1706 1452 1759 diei

310 1795 473 1861 (quamquam
485 1793 554 1843 certe
569 1805 628 1843 raro
647 1806 694 1843 nec
705 1790 761 1842 sine
777 1790 874 1859 insigni
885 1789 996 1858 quodam
1015 1789 1131 1842 acumine
1143 1793 1230 1858 potest
1242 1790 1313 1855 dici),
1331 1807 1390 1846 esse
1399 1795 1452 1845 certe

310 1877 446 1946 opertebat
463 1892 560 1944 agrum,
577 1892 651 1946 quem
670 1876 740 1929 nullo
757 1877 813 1928 iure
831 1875 923 1928 Rullus
939 1875 1092 1944 possideret
1129 1874 1180 1928 Sed
1203 1875 1273 1928 nulla
1291 1877 1348 1930 eius
1366 1879 1402 1931 rei
1417 1894 1453 1946 par

310 1962 358 2014 has
376 1962 503 2014 orationes
522 1959 675 2028 significatio
694 1960 826 2029 reperitur.
857 1958 966 2028 Saepius
985 1959 1074 2013 Cicero
1091 1960 1162 2013 Rulli
1179 1976 1296 2014 socerum
1314 1963 1344 2015 in
1356 1962 1454 2019 Sullanis

311 2046 503 2114 possessoribus
519 2048 709 2109 commemorat,
727 2043 856 2114 significat
867 2046 944 2098 etiam
963 2045 1036 2110 alios,
1053 2046 1139 2114 ipsum
1150 2047 1255 2100 Rullum
1272 2049 1345 2102 nulla
1362 2066 1454 2120 usquam

310 2133 442 2184 levissima
459 2131 605 2199 suspicione
622 2131 712 2199 tangit.
739 2130 806 2195 Quid
823 2129 904 2198 igitur
921 2130 990 2183 aliud
1008 2131 1099 2185 Rullus
1116 2148 1168 2185 non
1186 2133 1271 2198 habet,
1290 2135 1360 2204 qnod
1375 2136 1455 2189 habere
1499 2196 1501 2203 ¹

312 2217 417 2285 cupiat?
451 2215 521 2269 Nihil
539 2218 593 2270 scio
610 2216 680 2277 aliud
698 2219 800 2292 praeter
817 2217 985 2270 hereditatem
1003 2219 1098 2283 soceri,
1116 2235 1193 2288 quam
1215 2236 1273 2273 cum
1297 2236 1350 2275 non
1368 2223 1455 2286 habeat,
1499 2216 1501 2243 ²

312 2303 407 2357 habere
429 2305 514 2355 tamen
532 2303 617 2371 eupit,
643 2319 719 2372 quam
745 2303 795 2356 nisi
813 2303 912 2356 Sullani
935 2304 991 2373 agri
1012 2303 1205 2369 confirmentur,
1226 2310 1256 2359 nt
1276 2307 1411 2363 habiturus
1430 2307 1457 2361 sit

313 2390 495 2456 timatrcaque
512 2389 571 2457 ipsa
590 2391 618 2442 in
635 2405 663 2442 re
680 2388 751 2442 Rulli
767 2389 928 2458 impudentia
951 2390 1002 2442 sita
1021 2393 1070 2444 est.
1103 2390 1171 2443 Nam
1189 2391 1300 2461 Valgius
1319 2394 1379 2463 ipse
1400 2393 1457 2464 quod

312 2477 364 2529 iam
381 2475 459 2528 habet
475 2477 585 2529 retinere
602 2477 682 2544 cupit,
692 2475 783 2529 Rullus
800 2476 842 2539 iis,
860 2491 926 2544 quae
943 2475 1077 2529 habiturus
1095 2480 1144 2541 est,
1161 2477 1280 2531 consulit
1309 2482 1396 2549 Atque
1407 2481 1457 2532 baec

313 2559 415 2628 quidem
431 2563 502 2613 recta
517 2561 729 2628 interpretatione
745 2559 861 2628 expediri
872 2562 1026 2627 potuerunt:
1044 2560 1071 2612 in
1082 2560 1189 2629 reliquis
1201 2561 1298 2630 duplex
1310 2567 1352 2618 est
1363 2564 1457 2618 offensio

313 2650 351 2698 et.
356 2647 537 2712 grammaticae
554 2647 662 2699 rationis
679 2648 706 2699 et
723 2646 873 2700 sententiae.
901 2645 996 2698 Dicunt
1014 2646 1081 2698 enim
1098 2646 1224 2699 criminor
1235 2649 1340 2717 passive
1352 2649 1459 2718 intelligi.

314 2733 489 2800 utnusquam
507 2733 545 2786 ita
562 2732 649 2787 Cicero
668 2732 742 2796 dicit,
760 2748 887 2800 nusquam
904 2732 972 2786 ullus
990 2733 1072 2785 bonus
1097 2735 1219 2801 scriptor,
1245 2735 1354 2791 Plautus
1371 2741 1475 2791 tantun·

314 2821 340 2869 et
356 2818 455 2871 Ennius
472 2819 591 2883 citantur,
607 2818 755 2873 Priscianus
767 2817 836 2883 VIII,
854 2819 878 2882 5,
897 2818 930 2872 25
943 2818 1018 2886 ⁴apud
1035 2821 1223 2875 vetustissimos
1241 2823 1350 2890 reperiri
1368 2825 1405 2878 ait
1419 2821 1462 2876 cri·

313 2905 390 2968 mino,
406 2905 469 2969 ie,
485 2908 514 2958 ut
531 2906 632 2974 opiner,
649 2920 701 2958 non
718 2904 788 2973 apud
803 2903 962 2969 Ciceronem,
980 2904 1133 2974 omninoque
1151 2908 1183 2959 ab
1201 2906 1249 2961 hoc
1265 2909 1370 2963 facilius
1388 2911 1462 2964 activa

312 2992 340 3043 in
358 2992 512 3059 deponentia
528 2991 674 3060 detorqueri
696 2991 814 3044 existimo
832 3007 909 3060 quam
926 2994 1029 3045 contrat
1054 3008 1116 3045 num
1136 2994 1215 3062 igitur
1231 2994 1256 3048 h.
1272 2988 1292 3048 l.
1311 2994 1398 3049 subito
1414 2999 1464 3049 tan·

313 3080 366 3130 tam
383 3076 592 3130 consuetudinem
614 3075 730 3129 relictam
752 3091 810 3129 esse
832 3074 1056 3130 existimabimus?
1092 3076 1144 3130 Sed
1161 3078 1258 3131 feratur
1274 3081 1364 3133 tamen
1381 3078 1463 3135 Cicero

312 3177 374 3215 ase
391 3163 448 3230 ipse
465 3162 540 3230 quasi
557 3162 716 3216 desciscens:
734 3178 796 3215 num
813 3178 846 3214 ex
861 3162 909 3226 iis,
926 3178 991 3230 quae
1008 3164 1085 3233 vulgo
1103 3165 1219 3230 eduntur,
1238 3166 1385 3235 sententia,
1406 3180 1464 3236 quae

312 3245 374 3298 ferri
391 3246 488 3312 possit,
509 3243 636 3297 efficitur?
671 3245 734 3308 Quis
758 3245 825 3298 enim
842 3246 881 3298 ita
904 3245 978 3299 dicit:
1007 3263 1064 3300 cem
1077 3247 1148 3318 plue'
1163 3257 1272 3318 appetet
1287 3266 1369 3319 quum
1385 3251 1464 3315 satu

312 3328 438 3383 Sullanus
460 3346 502 3383 res
525 3329 661 3397 defendere
687 3331 828 3384 criminor?
869 3331 1031 3400 Impudentia
1053 3335 1122 3388 enim
1142 3336 1169 3388 in
1187 3351 1218 3388 eo
1240 3336 1291 3389 sita
1308 3323 1369 3400 esse
1387 3336 1464 3402 debet,

312 3415 381 3482 quod
397 3416 465 3468 idem
482 3416 557 3470 horno
576 3419 602 3470 et
617 3416 678 3485 plur
694 3410 801 3486 appetat
819 3433 895 3487 quam
913 3418 986 3472 Sulla
1003 3421 1029 3472 et
1046 3419 1156 3474 alterum
1173 3420 1294 3475 Sullanae
1305 3453 1306 3457 =
1317 3419 1464 3493 cupiditatis

312 3506 411 3572 arguat,
428 3518 507 3571 quare
524 3504 568 3572 qui
586 3507 705 3573 appetere
722 3504 823 3568 dicitur,
840 3504 909 3557 idem
926 3505 1057 3559 criminari
1074 3506 1150 3559 debet
1169 3506 1227 3560 dici
1265 3506 1350 3571 Quare
1368 3507 1465 3563 Lambi-

312 3605 360 3643 nus
377 3590 438 3642 olim
455 3591 597 3644 sententiae
614 3591 792 3645 necessitatem
809 3593 912 3644 secutus
930 3591 1079 3645 emendarit
1097 3593 1232 3661 decjeoderc
1251 3610 1290 3647 mc
1303 3595 1465 3660 criminatur,

312 3675 358 3729 sed
374 3690 405 3728 ea
422 3675 541 3745 pinguior
557 3679 598 3728 est
614 3677 688 3740 ratio,
701 3675 844 3741 violentior,
861 3691 920 3742 cum
933 3675 1050 3730 codicum
1068 3679 1220 3732 auctoritate
1232 3691 1284 3732 non
1296 3682 1467 3736 concilianda.

312 3759 397 3829 Atque
408 3763 484 3814 etiam
502 3778 567 3831 quae
579 3763 733 3817 antecedunt
744 3763 872 3832 vulgoque
891 3764 930 3817 sic
942 3757 1054 3816 eduntur
1071 3764 1163 3833 quibas
1174 3765 1249 3818 redae
1261 3766 1466 3832 reseraretur

312 3862 369 3899 esse
386 3863 486 3901 censeo.
520 3849 587 3902 Nam
604 3850 628 3902 si
644 3849 694 3903 hoc
711 3853 811 3902 tantam
828 3850 908 3915 dicat,
924 3864 951 3902 se
969 3849 1079 3904 Servilio
1097 3851 1225 3916 resistere,
1243 3853 1366 3920 quoniam
1389 3855 1419 3908 id
1433 3855 1467 3908 fa·

312 3931 361 3984 cile
378 3937 493 4001 apparet,
510 3948 666 4002 magnopere
686 3934 780 4002 frigeat
796 3936 879 3987 oratio
897 3935 986 4004 (quare
1011 3935 1072 3988 olim
1089 3939 1182 3989 contra
1199 3937 1306 3992 codices
1328 3951 1467 4008 pronomen

313 4034 358 4087 epo
376 4019 475 4072 solebat
491 4021 594 4084 inseri):
621 4036 728 4074 acumen
745 4020 873 4088 quoddam
891 4020 1063 4088 quaerendum
1083 4025 1134 4086 eet,
1152 4025 1182 4075 nt
1204 4039 1233 4077 se
1251 4023 1363 4086 eundum
1387 4029 1415 4080 et
1430 4041 1466 4079 re

312 4105 404 4157 sistere
429 4107 456 4156 et
480 4107 553 4172 argui
576 4107 652 4160 dicat.
695 4107 798 4160 Habent
820 4108 897 4160 etiam
923 4106 1023 4160 codices
1047 4122 1154 4176 parvam
1168 4114 1171 4118 '
1186 4110 1358 4178 corruptionis
1389 4112 1466 4181 signi·

312 4189 466 4244 ficationem.
500 4189 566 4243 Nam
584 4192 652 4258 quod
668 4194 695 4245 in
713 4193 776 4262 Lag.
791 4194 810 4246 9
827 4194 867 4246 bis
884 4191 962 4246 rebus
977 4193 1085 4262 legitur,
1103 4196 1152 4250 etsi
1169 4211 1231 4250 casu
1248 4196 1365 4252 accidere
1382 4197 1466 4268 potuit

311 4276 356 4341 (cf.
374 4278 537 4328 commentar.
556 4277 636 4329 critic.
654 4280 687 4331 ad
702 4280 716 4344 ξ
734 4279 774 4343 2),
795 4279 954 4347 probabilius
975 4283 1061 4332 tamen
1077 4283 1118 4334 est
1135 4296 1192 4335 cum
1210 4298 1287 4336 causa
1304 4285 1393 4354 aliqua
1410 4292 1466 4339 es'se

313 4363 417 4415 lactum.
458 4361 541 4426 Quare
558 4362 583 4417 h.
601 4363 617 4415 l.
635 4365 741 4419 emendo
759 4365 805 4432 qui
824 4365 887 4418 eius*
903 4363 978 4419 rebus
995 4365 1110 4431 resc‘et03¹
1125 4367 1225 4436 reliqua
1247 4369 1393 4424 emendatio
1416 4387 1466 4425 non

313 4447 397 4500 minua
419 4446 502 4500 facilis
520 4453 567 4502 est
610 4449 681 4503 Nihil
698 4451 766 4504 enim
782 4455 865 4516 muto,
892 4453 942 4504 nisi
963 4455 993 4507 ut
1016 4455 1075 4505 ante
1092 4454 1245 4521 particulam
1264 4472 1322 4508 cum
1339 4457 1466 4510 excidisse

314 4536 401 4601 putem
424 4549 481 4587 cum
501 4536 662 4606 scribamque
683 4544 709 4589 ct
730 4553 787 4590 cem
804 4555 868 4591 cum
913 4536 979 4605 Sed„
992 4538 1066 4591 aliter
1083 4541 1168 4592 totam
1191 4542 1333 4594 orationem
1356 4541 1467 4610 dispono

314 4635 394 4688 eaque
412 4636 477 4690 quae
493 4628 554 4678 eunt
572 4623 619 4678 ille
642 4623 709 4678 enim
733 4650 769 4663 -
793 4624 897 4679 rendre
916 4625 972 4682 vult
988 4626 1062 4695 quasi
1078 4628 1237 4695 parenthesis
1259 4627 1394 4681 cuiusdam
1409 4628 1467 4684 loco
