3550 5492
775 597 996 661 -47-

292 768 329 820 ut
358 758 492 820 comdiis
513 756 670 841 ponu'sicis
696 761 836 824 mactari.
893 758 939 822 Ne
966 759 1022 823 hoc
1051 759 1176 843 quidem
1204 739 1310 840 vidit,
1330 759 1461 825 maiores

293 863 423 923 nostros
443 863 509 922 tam
530 857 625 922 inissa
650 857 826 943 populares,
855 865 908 942 ut,
932 859 1012 944 quod
1034 880 1087 944 per
1116 859 1264 944 populum
1292 860 1389 924 creari
1416 861 1462 925 sas

293 982 362 1027 non
378 967 447 1026 erat
460 967 584 1048 propter
598 961 777 1044 religionem
799 983 965 1045 sacrorum,
989 962 1022 1026 in
1045 983 1080 1026 co
1094 967 1199 1027 tamen
1214 969 1336 1048 propter
1351 964 1460 1047 ampli-

293 1065 444 1130 tudinem
465 1064 627 1130 sacerdotii
649 1064 804 1135 voluerint
825 1067 938 1152 populo
961 1067 1139 1152 supplicari.
1175 1068 1277 1151 Atque
1300 1068 1356 1132 hoc
1378 1068 1461 1133 idem

294 1169 336 1234 de
359 1169 471 1234 ceteris
492 1169 669 1234 sacerdotiis
692 1169 748 1233 Cn.
770 1170 936 1252 Domitius,
958 1170 1103 1234 tribunus
1126 1170 1234 1255 plebis,
1257 1172 1306 1235 air
1327 1170 1460 1235 clarissi-

288 1259 381 1355 mus,
404 1273 488 1354 tulit,
511 1272 591 1358 quod
613 1272 744 1357 populus
766 1294 821 1358 por
842 1276 1021 1358 religionem
1039 1275 1208 1340 sacerdotia
1229 1275 1375 1339 mandare
1398 1297 1459 1340 non

294 1377 437 1460 poterat,
459 1379 495 1438 ut
515 1373 617 1438 minor
642 1395 713 1460 pars
733 1375 839 1460 populi
861 1383 1037 1458 vocaretu13
1065 1379 1103 1444 ab
1126 1399 1162 1441 ea
1189 1384 1275 1463 parto
1303 1378 1460 1461 quiesset

294 1479 410 1559 iactus,
432 1477 460 1541 is
482 1499 501 1541 a
522 1477 648 1561 collegio
670 1484 871 1564 coaptaretur.
916 1480 1026 1544 Videte
1054 1480 1128 1563 qnid
1156 1480 1278 1544 intersit
1299 1479 1380 1543 inter
1402 1480 1458 1543 Cn.
1471 1492 1501 1543 19

294 1581 484 1662 Domitium,
506 1580 668 1645 tribunum
689 1581 796 1666 plebis,
820 1582 922 1647 virum
945 1579 1182 1662 nobilissimum,
1212 1587 1243 1644 ct
1264 1581 1298 1644 P.
1321 1580 1459 1663 Rullum,

295 1745 420 1815 exempla
436 1745 596 1825 comitiorum
608 1760 654 1815 per
666 1743 743 1818 XVII
751 1745 834 1798 tribus
851 1746 997 1798 habitorum
1016 1745 1129 1814 colligat,
1146 1745 1285 1813 praeterire
1303 1745 1346 1817 rip
1363 1745 1458 1798 debuit.

296 1832 476 1909 Veruntamen
488 1833 518 1883 ut
533 1830 566 1883 de
583 1827 687 1898 reliquis
706 1831 885 1884 sacerdotibus
904 1848 969 1900 quae
987 1832 1122 1885 traduntur
1140 1831 1172 1884 ab
1188 1831 1253 1895 aliis,
1271 1831 1400 1898 praeclare
1418 1832 1458 1883 his

295 1918 387 1972 verbis
398 1916 597 1983 confirmantur,
614 1918 651 1970 ita
669 1917 701 1970 de
719 1918 829 1971 comitiis
847 1917 978 1986 pontificis
996 1917 1101 1970 maximi
1123 1917 1260 1984 singularis
1278 1918 1393 1970 nascitur
1410 1917 1458 1969 dif-

294 2003 410 2058 ficultas.
442 2003 505 2068 Quis
522 2005 590 2056 enim
610 2019 642 2057 ex
660 2020 701 2070 ec,
719 2003 895 2073 quodCicero
913 2005 990 2058 habet
1012 2012 1042 2056 ct
1063 2005 1173 2057 corrritr'is
1193 2005 1324 2074 pontificia
1342 2005 1457 2068 celerrimi,

297 2106 411 2158 quorum
429 2089 589 2142 comitiorum
608 2094 725 2144 auctores
743 2092 858 2147 nominat
875 2093 999 2157 maioreS,
1017 2108 1069 2145 non
1086 2092 1134 2144 boo
1158 2090 1233 2144 debet
1255 2091 1384 2160 colligere,
1407 2107 1457 2143 non

295 2175 440 2246 aliquando
456 2176 501 2228 illa
518 2175 599 2230 fuisse
611 2179 723 2241 comitia,
740 2193 829 2230 verum
846 2179 904 2246 ipso
922 2178 966 2230 illo
978 2181 1101 2246 tempore,
1119 2192 1169 2245 quo
1181 2177 1272 2229 Rullus
1285 2177 1367 2247 legem
1385 2194 1457 2230 suam

294 2262 400 2316 ferebat
417 2266 445 2315 et
461 2261 550 2315 Cicero
569 2263 679 2327 dicebat,
696 2264 793 2317 fuisse?
828 2263 895 2317 Nam
913 2265 939 2317 in
957 2265 1014 2333 ipsa
1032 2264 1088 2332 lege
1106 2262 1216 2315 Servilia
1234 2264 1336 2316 comitia
1347 2263 1458 2316 Xvirum

294 2349 391 2403 eadem
409 2349 507 2402 ratione
526 2364 575 2416 qua
595 2349 726 2416 pontificis
744 2350 848 2402 maximi
866 2350 1017 2413 habeantur,
1035 2350 1154 2402 iubentur
1171 2348 1268 2401 haberi.
1295 2347 1397 2402 Certum
1410 2349 1457 2400 hoc

294 2437 388 2504 utique
411 2433 488 2487 debet
510 2435 600 2487 videri.
641 2436 677 2487 At
693 2435 742 2488 Dio
761 2435 832 2489 Cass.
850 2436 995 2501 XXXVII,
1018 2435 1066 2500 37,
1084 2435 1127 2487 ubi
1150 2435 1182 2486 de
1204 2434 1260 2500 lege
1282 2434 1395 2487 Domitia
1411 2451 1458 2502 per

293 2522 442 2575 Labienum
458 2524 491 2574 tr.
503 2521 539 2591 pl.
557 2505 782 2587 renovata'refert,
801 2522 936 2575 Caesarem
949 2524 1083 2591 imprimis
1101 2538 1159 2574 eum
1179 2521 1222 2588 qui
1238 2526 1330 2588 postea
1348 2519 1457 2574 dictator

294 2609 358 2673 fuit,
376 2606 490 2660 Labieno
504 2608 648 2666 renovandi
664 2613 794 2662 auctorem
813 2609 892 2662 fuisse
911 2610 946 2661 ait
964 2610 997 2662 ab
1016 2625 1072 2661 eam
1090 2623 1202 2670 causam,
1220 2606 1288 2675 quod
1305 2607 1403 2674 Metelli
1418 2607 1458 2659 Pii

295 2693 375 2759 modo
395 2693 511 2747 defuncti
521 2694 697 2762 pontificatum
709 2696 903 2763 concupisceret
915 2696 1062 2764 perlatoque
1080 2694 1136 2762 lege
1154 2692 1277 2756 effecisse,
1295 2696 1324 2744 ut
1341 2693 1458 2760 quamvis

296 2779 569 2855 adolesceuslduobus
592 2782 776 2850 potentissimis
794 2782 1012 2848 competitoribus
1031 2781 1105 2833 victis
1126 2779 1244 2847 pontifex
1261 2779 1388 2831 maximus
1406 2793 1458 2831 cre-

296 2862 397 2920 aretur.¹
430 2865 501 2930 Quae
523 2884 579 2921 cum
602 2871 717 2937 pugnent
740 2883 798 2920 cum
819 2867 949 2921 Ciceronis
971 2867 1019 2919 hoc
1040 2866 1201 2929 testimonio,
1225 2881 1240 2916 a
1263 2863 1391 2916 nonnullis
1409 2863 1457 2916 Dio

295 2952 482 3017 contemuitur,
499 2955 543 3021 qui
560 2953 639 3007 falsas
657 2953 763 3006 Labieni
783 2953 919 3006 adiuvandi
943 2968 1034 3007 causas
1053 2951 1157 3005 Caesari
1175 2951 1326 3015 subiecerit,
1349 2951 1381 3003 ab
1400 2950 1457 3002 aliis

296 3041 363 3094 hacc
384 3038 516 3092 Ciceronis
534 3041 612 3093 rerba
629 3041 667 3093 ita
685 3041 875 3108 detorquentur,
894 3039 1005 3091 utnulla
1023 3043 1075 3091 turn
1093 3037 1195 3091 omnino
1207 3035 1336 3106 pontificis
1353 3037 1458 3089 maximi

296 3126 405 3180 comitia
427 3126 508 3180 tuisse
530 3130 655 3181 statuant.
697 3126 751 3180 Nos
776 3125 877 3194 quidem
900 3129 1019 3178 neutrum
1041 3127 1172 3178 auctorem
1194 3139 1292 3177 errasse
1316 3127 1458 3198 statuentes

296 3212 373 3276 illud,
391 3211 460 3280 quod
477 3212 597 3277 diximus,
614 3217 739 3278 tenemus,
758 3212 905 3280 pontificem
918 3213 1056 3266 maximum
1075 3227 1126 3264 non
1139 3211 1253 3278 potuisse
1265 3210 1329 3275 fieri,
1346 3209 1397 3264 nisi
1414 3210 1457 3279 qui

297 3297 736 3365 assetpontif0120aesarautem
759 3318 815 3354 cum
835 3300 948 3354 nondum
971 3304 1038 3352 esset
1060 3299 1189 3369 pontifex,
1213 3283 1263 3350 nisi
1284 3297 1458 3350 faciendorum

296 3382 452 3453 pontificum
469 3387 624 3453 potestatem
643 3386 676 3437 ad
693 3387 818 3455 populum
830 3387 1012 3450 transtulisset,
1030 3387 1169 3440 maximum
1187 3385 1364 3455 pontificatum
1382 3386 1459 3438 comi-

297 3471 343 3523 tiis
362 3469 474 3538 adipisci
491 3486 543 3523 non
560 3473 695 3540 potuisset.
732 3472 890 3542 Quamquam
908 3473 967 3526 huic
986 3489 1086 3542 quoque
1104 3473 1309 3541 interpretationi
1327 3472 1458 3524 adversari

297 3556 419 3610 rideatur
435 3554 525 3610 Vellei.
543 3557 579 3622 11,
595 3559 644 3623 42,
661 3560 705 3627 qui
723 3559 859 3622 Caesarem
877 3561 905 3612 in
929 3560 1012 3612 locum
1031 3559 1059 3612 C.
1076 3558 1176 3612 Aurelii
1193 3557 1283 3612 Cottae
1306 3560 1364 3609 ante
1382 3573 1458 3625 quae-

298 3646 399 3702 sturam
417 3643 454 3695 ait
471 3644 603 3697 absentem
621 3645 647 3698 in
665 3646 729 3699 Asia
746 3647 844 3700 iactum
856 3662 913 3700 esse
930 3645 1084 3715 pontificem.
1112 3646 1164 3699 Sed
1172 3645 1321 3714 pontificem
1338 3643 1382 3695 illo
1401 3643 1458 3695 loco

296 3729 417 3798 intelligo
434 3745 487 3783 non
504 3733 608 3801 proprie
632 3733 736 3803 collegii
758 3733 910 3802 pontificum
927 3733 1053 3798 sodalem,
1072 3733 1118 3786 sed
1136 3733 1226 3786 latiore
1249 3728 1359 3796 quodam
1381 3744 1457 3781 sensu

298 3833 434 3886 augurem.
460 3817 527 3872 Nam
535 3819 615 3873 fuisse
625 3818 759 3873 Caesarem
770 3836 892 3887 augurem
903 3822 1005 3874 constat
1014 3819 1073 3884 (Dic
1082 3817 1164 3881 XLII,
1172 3818 1203 3870 51
1214 3837 1220 3880 ;
1230 3814 1280 3868 Cic.
1291 3829 1330 3881 ep.
1337 3812 1408 3879 XIII,
1414 3811 1457 3872 68)

297 3918 347 3957 uec
365 3902 467 3972 quando
486 3903 570 3958 sactus
592 3907 627 3959 uit
648 3908 766 3960 traditur.
788 3936 822 3944 -
844 3906 914 3974 qaod
929 3935 962 3943 —
980 3906 1009 3957 in
1031 3921 1067 3958 eo.
1108 3903 1170 3956 Noli
1191 3903 1229 3954 ita
1250 3900 1410 3981 intelligere,
1428 3905 1457 3953 ut

295 3990 366 4042 inter
384 4004 412 4043 se
430 3991 610 4057 respondeant.
637 3992 744 4046 Creator
761 3994 828 4047 enim
846 3993 951 4060 aliquis,
965 4007 1016 4045 non
1029 3989 1136 4057 aliquid.
1165 3987 1248 4052 Quare
1260 3987 1329 4055 qood
1344 3987 1456 4055 intellige

297 4075 376 4143 quic,-
393 4075 422 4127 ia
439 4091 468 4129 ec
485 4079 570 4131 estin
587 4082 661 4148 pont.
680 4081 800 4133 maximo.

388 4159 429 4214 19.
455 4161 540 4214 viram
566 4163 758 4217 nobilissimam.
794 4164 885 4218 Gentis
903 4163 1030 4216 Domitiae
1048 4159 1277 4214 Ahenobarborum
1299 4159 1407 4224 familia,
1426 4176 1458 4213 ex

297 4262 351 4314 qua
368 4246 410 4298 hic
428 4247 488 4301 trib.
506 4248 541 4316 pl.
559 4248 617 4313 tuit,
635 4249 831 4316 opulentissima
854 4249 905 4301 tuit
923 4262 952 4300 ac
970 4247 1090 4315 princeps
1113 4261 1194 4314 prope
1217 4245 1382 4313 plebeiamm.
1418 4245 1457 4298 Ct.

297 4331 372 4386 Suet.
389 4317 492 4385 Nersl.
527 4333 586 4401 Ipse
603 4334 645 4387 hic
664 4334 753 4387 consul
766 4334 821 4407 tuit
837 4348 905 4386 anuo
924 4333 966 4396 96,
985 4347 1076 4386 censor
1093 4348 1152 4386 ann.
1171 4330 1212 4384 92.
1238 4331 1274 4384 At
1292 4331 1458 4384 Serviliorum

298 4420 375 4470 erant
393 4417 453 4470 illae
471 4417 574 4487 quidem
591 4419 727 4472 nonnullae
745 4419 858 4471 familiae
875 4419 1058 4483 nobilissimae,
1076 4419 1146 4472 velut
1158 4417 1297 4471 Ahalamm
1314 4420 1341 4469 et
1352 4416 1459 4484 Caepio-

298 4517 361 4554 num
379 4505 407 4554 et
422 4501 607 4569 Isauricorum,
625 4503 671 4556 sed
690 4503 753 4555 hacc
770 4502 904 4556 Rullorum
922 4503 1011 4572 ignota
1028 4518 1075 4554 nec
1092 4502 1123 4554 de
1140 4503 1217 4555 buius
1234 4503 1373 4556 maioribus
1389 4503 1459 4570 quic·

298 4604 379 4656 quam
398 4591 497 4655 uotum,
515 4590 566 4642 nisi
583 4589 651 4658 quod
669 4589 735 4642 Pliu.
753 4592 806 4642 nat.
823 4589 883 4648 hist.
903 4589 971 4654 Vlll,
989 4588 1022 4642 78
1041 4590 1076 4654 ait
1093 4594 1193 4657 patrem
1210 4590 1286 4641 buius
1304 4590 1414 4657 primurn
1431 4590 1459 4640 iu

302 4672 388 4744 epulis
407 4663 518 4729 solidum
537 4691 626 4744 aprum
646 4675 806 4744 apposuisse.
843 4675 931 4740 Quare·
943 4675 1033 4729 Cicero
1051 4678 1077 4727 et
1094 4674 1161 4728 bunc
1179 4674 1329 4743 cognomine
1346 4674 1459 4742 appellat
