3550 5492
771 601 1007 667 ..Ῑῶ-

308 763 377 829 sule
398 763 581 828 eonllurent:
603 782 762 828 summum
783 771 815 828 et
836 765 1050 831 firmissimum
1078 772 1126 830 est
1151 766 1230 839 illud
1252 768 1466 832 communibus

307 866 442 932 fouunis
455 867 654 951 praesidium,
669 868 814 952 Quirites,
836 876 882 953 ut,
906 870 1012 956 quales
1032 891 1088 936 vos
1103 870 1251 936 hodierne
1265 871 1315 935 die
1329 871 1467 935 maxime

307 969 450 1036 pontione
470 970 549 1036 mihi
571 993 625 1057 pro
646 973 746 1039 salute
767 979 871 1038 vestre
898 973 1098 1060 praebuistis,
1127 973 1204 1058 leles
1231 972 1360 1057 reliquis
1386 979 1466 1037 tem-

308 1071 435 1161 poribus
450 1073 637 1159 reipublieee
657 1075 841 1160 praebeatis.
873 1078 933 1142 Pru
954 1083 1036 1143 certe
1057 1097 1129 1141 vere
1143 1076 1286 1162 polliceor
1307 1075 1364 1141 hoe
1379 1077 1466 1141 vobis

308 1182 402 1261 etque
429 1177 575 1242 oonfirmo
603 1198 654 1244 me
680 1198 748 1243 esse
774 1180 998 1264 perfecturum,
1032 1179 1153 1244 utiam
1175 1177 1379 1257 laudemini,
1412 1180 1467 1262 qui

309 1280 418 1347 honori
439 1280 620 1346 inviderunt
633 1303 711 1363 meo,
733 1287 838 1347 lemen
853 1304 908 1349 vos
923 1283 1084 1349 universus
1105 1283 1140 1350 in
1161 1281 1284 1348 consule
1307 1279 1466 1366 deligendo

308 1383 480 1469 plurimum
501 1383 615 1449 vidisse
636 1386 800 1451 fateantur.

396 1540 505 1580 hodierne
519 1560 545 1570 -
558 1544 616 1582 eeree
626 1540 738 1592 polliceor.

308 1660 450 1717 traduntur.
462 1662 579 1732 eorporis
601 1660 700 1715 uetitus
718 1661 836 1731 previdi,
852 1661 1009 1716 ruuieeimus
1027 1663 1212 1732 cupiditatibus
1227 1664 1341 1733 proripi,
1359 1662 1468 1732 denique

309 1765 391 1820 perra
407 1749 461 1813 ille,
479 1748 550 1802 nudie
572 1750 633 1814 (nen
654 1750 710 1813 voe)
730 1752 757 1802 et
772 1749 900 1819 perspexi
917 1750 978 1814 (non
998 1752 1133 1821 prospexi)
1149 1755 1177 1804 et
1199 1768 1230 1804 ne
1243 1751 1307 1819 quid
1326 1751 1388 1813 (uon
1405 1749 1470 1818 quid

310 1835 352 1890 rel
372 1835 453 1904 quud)
465 1834 619 1901 addidimus,
635 1834 782 1904 expulimus
794 1835 872 1888 eliam
889 1835 996 1889 verbum
1014 1835 1174 1900 denuntiavi,
1191 1836 1260 1905 quod
1277 1836 1393 1914 meliores
1411 1835 1468 1889 eod.

307 1924 430 1993 quoram
448 1922 613 1993 tribunosque
629 1922 777 1992 ambiguum
795 1921 913 1977 eudienm
933 1921 1036 1991 signum
1050 1922 1213 1992 interpretati
1240 1937 1335 1976 sumus.
1361 1921 1400 1974 Ita
1413 1921 1469 1974 nul-

306 2007 360 2062 lmn
387 2010 553 2077 uocabulum,
579 2011 629 2064 nisi
656 2010 729 2064 euius
751 2009 897 2079 probabilia
928 2009 1039 2077 uestigia
1068 2009 1212 2079 supersint,
1242 2009 1396 2074 adiecimus,
1422 2024 1467 2063 eos

307 2094 425 2150 eedienm
441 2110 550 2161 errores,
575 2094 640 2163 queis
666 2094 817 2164 saepissime
838 2094 964 2149 eccidisse
986 2096 1084 2147 eertum
1102 2097 1157 2158 est,
1176 2095 1204 2147 in
1221 2093 1344 2148 huelem
1361 2095 1468 2163 reperiri

307 2179 456 2243 sumimus,
490 2195 548 2233 eam
578 2179 687 2249 denique
712 2178 879 2244 seutentiam,
908 2179 937 2234 iu
968 2197 1020 2250 qus
1045 2180 1172 2250 requiesci
1202 2181 1299 2249 possit,
1328 2180 1468 2235 effecimus.

308 2263 412 2319 Ceteros
434 2265 537 2333 quidem
559 2264 670 2318 editores
693 2260 750 2317 eum
772 2279 825 2318 nen
847 2263 931 2316 miuus
954 2264 1049 2329 multu,
1072 2279 1209 2333 quemnos
1230 2265 1397 2330 mutavimus,
1414 2281 1469 2319 mu·

307 2349 386 2404 lende
403 2364 461 2403 esse
481 2348 661 2418 intelligerent,
678 2347 743 2401 nihil
763 2351 864 2412 umen,
884 2346 953 2416 quud
970 2347 1031 2403 ferri
1051 2363 1130 2417 pesse
1146 2347 1199 2417 ipsi
1218 2349 1358 2414 crederent,
1375 2350 1468 2402 nedum

309 2435 367 2491 elliu
385 2435 579 2506 persuaderent,
601 2435 718 2489 videmus
743 2434 888 2503 protulisse.
922 2433 996 2487 lllam
1018 2437 1103 2488 autem
1120 2436 1231 2488 veterem
1249 2437 1394 2505 recepimus
1411 2435 1468 2489 Nic.

307 2520 412 2589 Angelii
424 2521 637 2586 emendationem,
649 2519 721 2589 quud
735 2520 843 2589 reliquie
856 2518 1011 2588 teinpuridus
1021 2518 1180 2589 reipublicae
1198 2521 1301 2589 scripsit
1317 2523 1390 2587 (nem
1401 2521 1469 2589 qued

307 2607 410 2661 eodiees
427 2606 523 2660 habent
533 2608 642 2674 reliquie
660 2606 814 2675 teruperitus
827 2606 927 2675 pupule
938 2604 1057 2658 Runuuue
1075 2620 1122 2658 nee
1139 2604 1202 2658 ferri
1212 2611 1325 2675 possent
1335 2622 1383 2675 per
1393 2611 1469 2661 noles

305 2693 383 2747 imile
401 2694 549 2759 perruptum
565 2706 624 2745 esse
641 2693 750 2754 cunstat,
767 2691 801 2745 el.
820 2693 907 2744 annot.
925 2691 981 2744 erit
1001 2690 1033 2743 ed
1044 2690 1064 2755 l,
1084 2689 1141 2756 19),
1158 2706 1210 2745 non
1227 2694 1384 2761 recepimus,
1401 2694 1470 2763 qnod

306 2777 376 2831 idem
394 2774 547 2827 hodiernum
564 2775 632 2827 dim
649 2773 797 2842 appellarit
836 2772 931 2828 Omnes
954 2777 1023 2829 enim
1040 2775 1141 2830 eudiees
1158 2776 1208 2829 hue
1228 2777 1330 2844 quidem
1353 2777 1409 2832 leue
1427 2780 1470 2831 luo·

306 2861 428 2917 dieruum
445 2859 513 2913 diem
530 2862 642 2923 tuentur,
659 2859 833 2925 ineertumque
851 2857 953 2912 ridetur
970 2874 1037 2924 esse,
1054 2874 1088 2912 an
1103 2858 1239 2927 aliquande
1261 2860 1300 2913 its
1316 2861 1411 2913 dixerit
1428 2861 1470 2915 Gi÷

306 2964 381 3012 esre,
406 2946 526 3018 velutin
549 2946 706 3000 Catilinariis
728 2945 901 3011 erationibus,
923 2945 983 2998 huie
1005 2947 1119 3013 tempure
1144 2944 1199 2997 fere
1224 2943 1340 3012 paribus,
1356 2945 1394 3010 11,
1410 2944 1470 3009 3,6

306 3033 425 3087 leuem
442 3029 546 3095 diem,
563 3030 589 3096 8,
601 3030 635 3084 20
652 3029 804 3083 hodiernum
821 3029 890 3082 diem
907 3046 941 3082 an
958 3029 1078 3084 hesterna
1094 3032 1121 3083 et
1137 3026 1289 3104 leodiensium
1306 3029 1470 3085 seribendum

305 3121 351 3183 uit,
367 3117 486 3172 eodieum
503 3118 606 3188 quidem
624 3116 764 3171 aucteritas
780 3114 886 3169 dubium
903 3115 1026 3184 relinquit
1042 3129 1099 3181 nee,
1117 3130 1181 3183 quae
1200 3129 1252 3168 non
1268 3130 1375 3170 neeesse
1392 3119 1469 3180 esset,

307 3205 517 3272 astringeris
535 3205 633 3259 mutare
650 3200 756 3272 placuit.
1463 3191 1469 3202 ’
