3550 5492
770 573 1005 638 *lta-

310 737 367 790 nius
385 741 559 802 enarrassent,
576 737 627 789 nisi
642 740 669 789 et
687 751 765 804 saepe
782 737 809 788 in
827 737 859 788 iis
877 737 961 800 rebus,
979 752 1044 804 quae
1062 751 1110 788 sua
1128 738 1212 788 aetate
1223 741 1300 789 notae
1316 740 1412 801 essent,
1426 737 1457 788 ta-

311 824 425 883 cuissent
442 827 469 876 et
495 827 578 877 totum
600 823 744 876 institutum
771 823 803 875 ad
820 824 922 877 inanem
939 824 1049 892 speciem
1067 823 1233 891 peruenisset.
1275 823 1335 891 Ipse
1357 824 1459 886 senatus,

311 913 448 978 postquam
466 925 497 961 ex
517 908 623 976 plebeiis
641 911 668 961 et
685 909 800 975 patriciis
824 909 943 976 componi
967 911 1072 976 coeptus
1090 911 1138 971 est,
1155 924 1285 976 nunquam
1307 908 1460 961 comitiorum

315 997 410 1048 arbiter
427 996 486 1059 fuit,
503 994 548 1047 sed
565 995 681 1062 patricii,
702 996 790 1062 quiin
807 999 899 1047 senatu
924 999 1010 1060 erant,
1038 998 1063 1047 et
1081 995 1140 1048 clim
1169 998 1268 1049 tantum
1294 995 1322 1047 in
1339 993 1462 1062 republica

310 1085 449 1150 potuerant
466 1086 491 1133 et
509 1083 644 1149 postquam
662 1081 827 1134 invaluerunt
842 1080 946 1149 plebeii,
964 1082 1075 1150 speciem
1097 1084 1184 1134 tamen
1201 1080 1339 1149 potestatis
1361 1080 1462 1132 retinue-

310 1171 378 1223 runt.
407 1167 479 1219 Hanc
496 1166 577 1234 igitur
593 1181 650 1218 esse
662 1167 799 1220 statuimus
816 1167 888 1220 illam
906 1166 1087 1241 quetorilutem
1100 1173 1208 1235 potrum
1226 1167 1282 1219 sive
1295 1166 1462 1234 patriciorum,

310 1253 342 1305 de
361 1269 410 1320 qua
427 1257 466 1305 tot
476 1252 589 1305 uirorum
601 1252 735 1306 doctorum
752 1254 941 1307 controuersiae
959 1253 1070 1317 fuerunt,
1087 1254 1151 1306 haec
1163 1256 1223 1306 sunt
1241 1253 1348 1306 comitia
1366 1252 1463 1315 omna,

310 1338 401 1407 quibus
419 1339 596 1407 antiquissima
613 1339 787 1393 Romanorum
799 1340 944 1408 respublica
962 1340 1106 1407 regebatur.

394 1443 464 1507 Quae
482 1443 609 1511 quomodo
627 1444 751 1511 paulatim
763 1449 861 1498 mutata
878 1446 931 1498 sint
949 1448 1026 1512 atque
1044 1445 1076 1498 ad
1093 1445 1173 1509 illam,
1198 1460 1274 1513 quam
1292 1442 1414 1505 diximus,
1429 1441 1461 1492 in·

243 1578 246 1583 .
310 1545 384 1582 anem
403 1531 515 1597 speciem
536 1531 712 1599 pervenerint,
730 1531 852 1600 deinceps
870 1531 1007 1586 ridendum
1030 1536 1078 1586 est.
1113 1533 1166 1585 lam
1191 1529 1371 1600 antiquissimo
1391 1542 1462 1589 moro,

311 1616 355 1684 qui
373 1633 388 1668 a
405 1615 502 1680 Numa,
520 1615 607 1670 ’divini
628 1617 691 1670 iuris
714 1617 852 1681 conditore,
875 1620 1012 1686 repetitur,
1031 1619 1064 1671 ad
1086 1619 1250 1688 magistratus
1272 1617 1321 1668 rite
1345 1613 1462 1667 creandos

311 1701 410 1754 duabus
427 1717 492 1768 opus
510 1706 550 1755 est
567 1702 668 1772 legibus
680 1704 749 1766 (nam
767 1704 888 1772 quicquid
906 1721 921 1755 a
938 1705 1035 1772 populo
1052 1706 1161 1768 iubetur,
1174 1705 1207 1757 ad
1219 1714 1398 1772 quamcunque
1414 1713 1462 1750 rem

266 1841 277 1854 ,
309 1789 429 1855 pertinet,
446 1787 511 1855 legis
529 1802 622 1839 nomen
640 1787 742 1852 babet),
760 1789 788 1841 id
804 1789 873 1856 quod
892 1804 949 1841 cum
967 1804 999 1841 ex
1017 1789 1072 1841 aliis
1096 1789 1286 1842 obscurioribus
1309 1785 1413 1838 indiciis
1429 1783 1461 1834 in·

308 1873 447 1941 telligitur,
465 1876 518 1925 tum
536 1873 604 1926 clare
627 1874 780 1941 perspicitur
803 1874 948 1928 testimonio
967 1873 1110 1940 Ciceronis,
1128 1876 1173 1943 qui
1190 1875 1221 1927 de
1238 1888 1293 1941 rep.
1311 1872 1350 1937 ll,
1370 1869 1415 1934 13,
1431 1865 1461 1920 25

309 1960 340 2012 de
358 1959 442 2012 Numa
459 1960 498 2012 sic
516 1960 618 2012 scribit:
638 1959 690 2021 Qui
705 1967 736 2013 ut
752 1960 801 2012 luc
818 1961 897 2024 venit,
916 1977 1073 2030 quamquam
1085 1962 1199 2030 popolus
1222 1959 1334 2013 wriotcb
1352 1973 1409 2010 cnm
1425 1970 1462 2007 co·

308 2044 389 2096 initiis
407 2060 492 2112 repom
509 2059 563 2096 esse
580 2044 700 2106 luccat,
719 2052 803 2097 tamen
820 2046 876 2113 ipsc
899 2045 930 2098 dc
948 2062 994 2098 suo
1011 2046 1121 2115 imperto
1145 2046 1274 2099 coriatam
1296 2045 1378 2112 lepcm
1401 2040 1461 2102 tulit,

311 2132 366 2181 tum
383 2128 416 2179 de
432 2127 507 2180 Tullo
526 2128 592 2181 cll
612 2128 714 2181 Tullum
731 2129 871 2182 Hostilium
884 2131 998 2201 popolus
1015 2148 1101 2200 repom
1117 2132 1245 2200 iuterrcqc
1261 2137 1373 2198 ropoctc
1391 2127 1460 2182 comi

311 2213 355 2264 tiis
372 2211 482 2263 corintio
499 2212 606 2274 creavit,
624 2212 695 2280 isque
713 2214 744 2266 de
761 2213 870 2282 imperio
893 2231 939 2267 auo
957 2217 1071 2284 exemplo
1088 2215 1214 2285 Pompilii
1233 2215 1360 2284 populum
1378 2230 1461 2267 consc-

310 2297 360 2349 luit
376 2296 506 2359 euriclion,
525 2300 578 2350 tum
597 2298 711 2352 dellnco
728 2315 751 2351 c.
764 2299 794 2352 18
811 2316 859 2353 rec
876 2314 894 2352 u
907 2302 1005 2370 populo
1023 2301 1285 2354 cstAoousMoreios
1304 2302 1460 2363 constitutus,

308 2383 417 2451 itemque
435 2383 467 2435 dc
485 2383 593 2452 imperio
611 2402 656 2437 ooo
674 2385 753 2453 lepcm
771 2386 901 2438 curiatum
919 2387 985 2450 tulit,
1005 2390 1059 2439 tum
1077 2387 1109 2440 de
1127 2388 1265 2456 Tarquinio
1282 2387 1373 2442 Prisco
1392 2403 1414 2440 c.
1431 2384 1461 2438 20

309 2469 408 2522 conctis
422 2471 517 2538 pepuli
533 2471 667 2540 suffiuqiis
689 2487 737 2525 rec
754 2480 793 2525 cst
809 2480 913 2525 euectus
929 2473 958 2526 L.
979 2473 1137 2542 Tarquinius
1164 2502 1197 2511 —
1225 2473 1303 2540 Isque
1321 2481 1352 2526 ut
1372 2473 1404 2526 de
1420 2489 1461 2526 sco

310 2555 419 2624 inperio
438 2557 517 2624 lepem
536 2557 603 2620 tulit,
622 2558 730 2626 denique
747 2558 779 2611 de
797 2558 886 2612 Servio
905 2559 989 2611 Tullio
1009 2575 1031 2612 c.
1050 2558 1081 2611 21
1099 2559 1204 2627 motus
1217 2560 1268 2623 (rel
1284 2559 1410 2628 primum)
1427 2559 1461 2610 in-

309 2642 381 2693 iussu
395 2642 489 2710 populi
504 2644 653 2710 reqnovisae
671 2645 775 2697 dinibus.
795 2672 828 2683 -
846 2662 905 2714 cnm
927 2643 1047 2708 Servius,
1066 2652 1171 2698 utente
1189 2645 1258 2708 diui,
1282 2655 1395 2714 aequore
1412 2660 1461 2698 ecc·

304 2728 389 2796 piacet
404 2746 456 2781 non
472 2730 553 2793 iussu,
570 2732 616 2784 scd
632 2733 763 2805 vplcntcte
780 2739 856 2798 atquc
879 2747 1000 2785 concesso
1022 2731 1119 2784 ciuium
1140 2759 1174 2769 -
1198 2731 1343 2800 Tarquinio
1363 2732 1460 2801 septolio

305 2817 430 2885 populum
447 2817 479 2870 dc
496 2834 523 2870 se
539 2818 595 2887 ipsc
613 2820 742 2871 consuluit
758 2820 892 2886 iussusque
909 2832 1019 2885 aequore
1042 2818 1121 2884 lcpcrn
1139 2817 1170 2870 de
1187 2817 1296 2885 imperto
1314 2834 1360 2870 suo
1380 2817 1462 2870 curlo·

309 2907 362 2954 tum
379 2903 445 2956 tulit.
481 2903 594 2973 Utraque
612 2909 698 2957 autem
709 2905 751 2958 lex
769 2903 914 2967 constabat,
931 2907 1049 2972 utsupra
1061 2904 1206 2971 expositum
1223 2911 1272 2967 est,
1289 2907 1345 2957 tum
1363 2904 1461 2972 quidem

308 2991 334 3041 et
351 2990 461 3043 comitiis
483 2991 588 3042 curiatis
611 2994 637 3044 et
660 2992 811 3044 auctoritate
832 2994 934 3059 patrum
956 2991 1012 3043 siue
1034 2990 1208 3058 patriciorum.
1249 2989 1395 3054 Quaeritur,
1421 3005 1462 3042 cur

254 3084 256 3088 ·
308 3073 348 3126 bis
366 3074 398 3126 de
415 3076 523 3146 singulis
544 3078 647 3144 regibus
668 3078 709 3144 agi
734 3078 803 3146 apud
829 3077 953 3146 populum
977 3079 1004 3129 et
1026 3076 1128 3129 decerni
1152 3076 1300 3145 apatribus
1319 3077 1461 3130 consuerit:

310 3176 360 3228 qua
377 3161 409 3214 de
426 3179 453 3214 re
471 3163 567 3230 optime
585 3163 895 3230 disputavitRubino-eo,
913 3178 987 3230 quern
1001 3162 1117 3226 laudari,
1135 3163 1201 3215 libro
1213 3179 1238 3230 p.
1249 3161 1344 3229 360sq.
1362 3162 1461 3214 Etenim

309 3246 414 3297 alteram
431 3245 612 3314 legemGicero
630 3247 710 3300 fuisse
728 3248 764 3300 ait
779 3247 813 3299 de
824 3247 930 3315 imperio
943 3247 1072 3314 latamque
1090 3247 1165 3299 abeo
1183 3247 1250 3314 ipso,
1268 3246 1310 3297 cui
1327 3247 1461 3314 imperium

309 3331 425 3395 dabatur,
444 3333 530 3399 priore
546 3347 603 3384 esse
619 3336 732 3386 creatum
749 3349 836 3401 regem
853 3334 909 3385 sive
926 3334 1025 3384 iussum
1042 3347 1150 3400 regnare
1162 3333 1216 3384 sive
1229 3332 1399 3384 constitutum
1416 3346 1461 3384 neo

308 3432 365 3469 eam
383 3416 461 3469 latam
479 3418 512 3469 ab
529 3417 586 3485 ipso
602 3417 720 3486 illo,‘qui
736 3419 823 3482 tiebat,
841 3433 909 3486 rege,
926 3417 973 3470 sed
991 3419 1024 3471 ab
1042 3418 1157 3486 alioque
1175 3419 1262 3484 (atque
1279 3419 1307 3469 in
1325 3417 1402 3470 Tullo
1419 3432 1462 3470 no·

310 3503 422 3559 minatur
437 3505 551 3556 interrex
567 3503 685 3571 idemque
701 3506 729 3557 in
746 3505 831 3557 Numa
851 3504 1057 3572 intelligendus),
1075 3504 1118 3572 qui
1136 3503 1246 3557 comitiis
1268 3507 1414 3571 praeesset:
1436 3503 1462 3554 in

309 3587 502 3653 Serviorrullio,
512 3589 584 3642 cuius
597 3603 674 3640 causa
684 3589 820 3658 singularis
830 3591 893 3652 erat,
911 3589 1086 3655 exceptionem
1096 3587 1184 3640 Gicero
1194 3586 1273 3650 addit,
1287 3588 1374 3655 ipsum
1385 3587 1419 3656 de
1436 3602 1463 3639 se

308 3675 467 3728 cousuluisse
490 3677 621 3744 populum.
664 3674 791 3728 Nimirum
814 3690 847 3728 ex
869 3675 1005 3727 severitate
1027 3674 1090 3726 iuris
1108 3673 1222 3726 'Romani
1244 3673 1314 3725 nulla
1338 3673 1461 3742 obligatio

308 3759 392 3812 uerbis
409 3759 466 3813 fieri
483 3763 570 3828 potest
586 3761 637 3814 nisi
653 3761 721 3813 inter
737 3774 790 3824 eos,
808 3760 851 3826 qui
869 3759 1025 3828 obligantur,
1043 3761 1073 3810 ut
1090 3760 1116 3810 et
1132 3758 1165 3820 is,
1182 3758 1226 3827 qui
1242 3758 1388 3825 stipuletur,
1406 3760 1462 3826 ipse

308 3845 449 3914 promittat,
466 3847 493 3896 et
509 3844 541 3908 is,
558 3846 599 3898 cui
617 3846 674 3913 quis
692 3844 841 3912 stipuletur,
858 3843 915 3910 ipse
932 3842 1123 3910 stipulationem
1142 3840 1230 3893 audiat
1252 3856 1282 3893 ac
1303 3842 1379 3909 quasi
1398 3844 1462 3895 acci-

307 3933 370 4000 piat.
395 3932 477 3984 lianc
493 3931 556 3982 iuris
574 3931 615 3984 sui
630 3926 746 3998 regulam
764 3929 899 3998 diligenter
917 3928 1027 3981 Romani
1049 3927 1077 3978 in
1098 3927 1203 3993 regibus
1226 3926 1350 3979 iaciendis
1375 3943 1463 3996 seque

307 4018 407 4071 bantur.
442 4016 543 4069 Etenim
560 4017 671 4084 priorem
691 4016 773 4084 legem
792 4015 915 4067 curiatam
934 4014 1000 4066 alius
1018 4012 1125 4076 ferebat,
1143 4012 1189 4065 alii
1205 4012 1346 4066 ferebatur:
1370 4030 1402 4067 ea
1419 4031 1464 4083 po·

308 4105 385 4173 pulus
408 4104 512 4156 creabat
533 4118 620 4171 regem
637 4104 654 4156 i.
668 4116 694 4162 e.
713 4103 878 4170 promittebat
897 4116 927 4154 se
950 4101 994 4153 alii
1012 4097 1088 4163 alicui
1114 4102 1190 4168 etque
1212 4100 1250 4163 ei,
1276 4101 1320 4168 qui
1346 4098 1468 4168 rogabat,

309 4191 377 4245 dicto
394 4205 452 4243 esse
468 4188 615 4242 audientem
633 4189 755 4241 futurum.
786 4184 839 4241 Sed
856 4202 886 4240 eo
905 4186 1030 4253 promisso
1049 4201 1097 4238 nec
1114 4200 1160 4238 rex
1177 4186 1319 4249 tenebatur,
1337 4189 1367 4238 ut
1384 4188 1466 4254 impe·

308 4275 450 4341 raret‚'nec
467 4275 587 4344 populus,
604 4277 634 4326 ut
650 4276 758 4343 imperia
775 4274 894 4340 religiose
913 4273 1053 4340 acciperet:
1071 4272 1207 4339 oportebat
1220 4272 1269 4324 hoc
1288 4270 1466 4331 accederent

309 4362 389 4414 altera
410 4360 467 4426 lege
493 4360 604 4428 populus
621 4361 672 4428 ipsi
694 4361 739 4428 qui
766 4375 813 4413 rex
835 4359 936 4412 futurus
962 4361 1019 4410 erat
1045 4357 1210 4426 obligaretur.
1246 4357 1330 4421 Quare
1347 4356 1389 4408 hic
1407 4371 1464 4409 mos

307 4448 438 4500 Romanus
456 4445 548 4498 similis
566 4449 607 4498 est
623 4446 655 4509 ei,
673 4446 716 4513 qui
733 4445 802 4513 apud
820 4429 922 4497 nostros
944 4458 1019 4512 reges
1038 4442 1150 4506 obtinet,
1173 4443 1216 4510 qui
1239 4446 1378 4511 postquam
1399 4443 1463 4495 facti

309 4533 382 4595 sunt,
405 4530 540 4584 sollemnia
561 4530 694 4584 instituere
716 4529 813 4595 solent,
839 4530 931 4599 quibus
957 4528 1075 4581 diadema
1097 4531 1200 4581 sumant
1222 4528 1462 4596 venerationemque

309 4619 403 4674 ciuium
419 4632 448 4671 so
465 4616 534 4670 dicto
552 4617 684 4670 audientes
701 4616 801 4672 lutmos
817 4616 936 4684 religiose
948 4614 1151 4683 promittentium
1170 4614 1309 4682 accipiant,
1328 4628 1393 4681 quae
1412 4614 1463 4667 sol-
