3550 5492
819 574 1033 648 μεθ..

348 744 505 831 popularis
539 766 577 809 ne
609 766 703 809 unam
730 744 852 827 quidem
886 745 998 830 populo
1027 744 1219 812 comitiorum
1248 750 1438 830 potestatem
1462 766 1502 810 re·

230 865 233 871 ·
306 849 449 934 reliquit.
493 848 554 914 Sed
587 851 688 915 videte
721 850 855 915 hominis
890 849 1069 934 religionem
1101 855 1133 915 et
1165 848 1371 932 diligentiam.
1427 849 1503 916 Vidit

349 959 381 1017 et
413 953 569 1037 perspexit
602 952 669 1017 sine
692 951 811 1017 curiata
842 952 908 1036 lego
935 953 1047 1018 Xuiros
1080 953 1192 1019 hebere
1225 957 1416 1039 potestatem
1431 994 1436 1001 ·
1451 975 1504 1018 non

348 1077 453 1143 posse,
488 1056 633 1138 quoniam
648 1077 702 1141 per
724 1076 835 1120 novem
857 1055 957 1122 tribus
979 1064 1083 1123 essent
1104 1057 1274 1122 constituti.
1318 1057 1412 1122 Iubet
1435 1059 1504 1122 terre

348 1159 457 1223 dehis
479 1157 578 1242 legem
606 1158 771 1222 curiatam:
802 1159 936 1243 praetori
961 1159 1101 1245 imperat.
1147 1162 1245 1238 Quam
1266 1159 1300 1224 id
1327 1159 1437 1246 ipsum
1458 1162 1503 1226 ale

348 1264 454 1346 surde,
478 1262 557 1327 nihil
579 1262 618 1326 ed
639 1283 689 1326 me
710 1261 830 1332 attinet
864 1260 953 1326 Iubet
974 1261 1074 1343 enim,
1102 1266 1157 1346 qui
1171 1265 1295 1347 paraus
1324 1265 1366 1326 ait
1380 1275 1504 1347 praetor

339 1371 464 1452 fuctus,
487 1390 556 1430 eum
579 1368 679 1448 legem
708 1368 860 1429 curtatum
872 1365 985 1449 ferre.-
1012 1370 1041 1428 si
1061 1369 1089 1429 ic
1108 1366 1200 1450 ferre
1226 1389 1288 1430 uon
1310 1371 1434 1451 peccat,
1461 1370 1506 1452 qui

341 1483 517 1557 postremus
539 1474 586 1542 sit,
612 1474 648 1534 ut
670 1474 725 1532 aut
745 1467 858 1532 lusisse
880 1467 915 1532 in
937 1469 1034 1534 tentis
1056 1470 1147 1534 robus
1171 1474 1226 1534 aut
1246 1470 1386 1554 profecto
1410 1470 1505 1535 nescio

347 1572 423 1657 quid
444 1577 598 1657 spectasse
612 1569 763 1634 videatur.
797 1569 912 1633 Verum
926 1572 992 1654 hoc,
1018 1573 1097 1657 quod
1120 1578 1167 1636 est
1189 1572 1309 1636 autito
1330 1593 1506 1658 perversum

336 1671 383 1741 'ut
404 1675 580 1756 ridiculum,
604 1681 658 1739 aut
680 1675 725 1739 ita
745 1673 946 1754 malitiosum,
968 1680 1005 1739 ut
1019 1677 1183 1740 obscurum
1205 1674 1262 1756 sit,
1283 1673 1506 1759 relinquamus:

348 1778 388 1843 ad
409 1778 589 1861 religionem
611 1776 745 1842 hominis
767 1783 968 1841 revertamur.
997 1777 1091 1841 Videt
1112 1777 1179 1842 siue
1200 1776 1266 1863 lege
1289 1778 1413 1844 curiata
1434 1777 1507 1844 nihil

281 1882 398 1966 ‚aaagi
420 1881 597 1968 peeriros
618 1901 716 1965 posse.
751 1879 831 1956 Quid
853 1876 978 1963 postea?
1012 1878 1046 1943 Si
1069 1899 1104 1944 ea
1125 1879 1190 1943 lata
1204 1900 1266 1944 non
1282 1877 1361 1944 erit?
1401 1876 1531 1946 Atten·'

349 1985 412 2050 dite
434 1985 604 2069 ingenium.
644 1985 723 2048 llum
744 1988 770 2047 ii
793 1985 896 2055 Xcirt,
918 1981 1029 2066 inquit,
1054 1984 1160 2046 eodem
1181 1986 1248 2046 iure
1269 1985 1345 2057 aiut,
1375 2008 1438 2069 quo
1460 1987 1507 2070 qui

348 2092 466 2173 optima
488 2089 563 2168 lege.
608 2085 642 2150 si
664 2086 721 2150 hoc
747 2085 814 2149 ficri
841 2088 956 2169 potest,
986 2085 1013 2149 si
1041 2084 1086 2151 sic
1113 2084 1148 2148 in
1177 2085 1235 2150 hac
1263 2083 1410 2171 civitate,
1434 2107 1505 2172 quae

425 2243 456 2282 28.
466 2247 594 2292 potestatem
607 2242 692 2282 tubere.
706 2262 731 2273 -
744 2245 810 2291 leuem
824 2243 850 2282 de
863 2243 903 2282 his.
917 2261 942 2274 -
955 2242 987 2282 29.
998 2246 1074 2292 potest,
1090 2247 1113 2284 at
1125 2243 1148 2281 iu
1161 2243 1209 2281 tuo.

346 2364 485 2433 suffragiis,
502 2379 566 2432 quae
585 2364 645 2416 iniri
663 2363 794 2427 dicuntur,
817 2363 957 2432 incipiendi
975 2363 1099 2431 quaedam
1117 2363 1155 2416 vis
1173 2363 1240 2415 inest
1258 2361 1291 2414 ab
1308 2360 1357 2415 hoo
1375 2362 1434 2416 loco
1453 2362 1505 2415 alie·

346 2450 459 2502 nissima.
504 2448 587 2511 Quare
609 2448 720 2500 maxime
746 2449 820 2501 nobis
842 2449 966 2517 probatur
984 2448 1139 2517 Pantagathi
1157 2448 1303 2501 coniectura
1333 2446 1451 2501 sodomis
1474 2447 1506 2501 rel

347 2535 441 2598 scistis,
459 2538 485 2587 et
502 2535 642 2587 mutatione
659 2533 792 2587 lenissima
809 2538 836 2587 et
854 2534 981 2587 sententia
1000 2538 1067 2587 certe
1085 2533 1159 2587 bona.
1204 2531 1309 2596 Rullus,
1327 2531 1390 2601 quia
1407 2532 1506 2586 udaia
1541 2524 1543 2529 ’

347 2621 474 2672 neminem
491 2621 591 2673 iniussu
608 2619 698 2688 populi
717 2623 871 2687 potestatam
893 2617 988 2671 habere
1006 2635 1092 2687 posse,
1109 2626 1140 2671 ea
1158 2618 1288 2682 (nimirum
1304 2617 1430 2685 Xuiros),
1448 2633 1506 2687 quae
1541 2630 1543 2639 ·

347 2722 392 2759 vos
417 2706 530 2770 (tributis
558 2706 680 2770 comitiis,
707 2722 814 2774 quorum
835 2705 968 2775 proprium
994 2710 1035 2759 est
1061 2706 1180 2769 sciscere)
1205 2720 1256 2758 non
1279 2704 1380 2769 scistis,
1403 2705 1505 2763 comitiis

346 2791 450 2844 curiatis
468 2793 543 2860 (quae
561 2790 610 2843 etsi
628 2793 727 2844 tantum
739 2791 911 2860 auspiciorum
930 2806 1008 2844 causa
1022 2791 1171 2856 retinentur,
1189 2792 1244 2844 sine
1262 2789 1340 2844 dubio
1359 2793 1448 2846 tamen
1464 2807 1505 2860 pro

345 2876 434 2945 populi
451 2877 524 2930 iussu
541 2880 610 2942 sunt)
629 2877 800 2940 confirmarit3
826 2893 886 2929 nam
904 2879 1001 2931 tributa
1018 2895 1083 2948 quae
1103 2879 1185 2932 adhuc
1202 2878 1285 2948 plebis
1302 2879 1413 2947 propria
1430 2881 1505 2941 eraut,

346 2965 456 3017 sustulit
493 2961 651 3033 Quamquam
674 2965 752 3018 etiam
773 2980 838 3033 quae
862 2968 1017 3032 sequuntur,
1039 2966 1066 3017 in
1084 2965 1140 3018 cod.
1164 2963 1288 3017 mendosa
1310 2966 1379 3018 sunt.
1417 2965 1505 3019 Omnes

273 3060 275 3065 '
345 3051 413 3103 carim
430 3051 526 3103 habent
543 3051 686 3113 votuerunt,
704 3051 816 3117 optimus
834 3051 911 3102 etiam
930 3058 999 3114 tum,
1022 3067 1068 3118 pro
1086 3066 1116 3104 eo
1135 3050 1202 3119 quod
1220 3049 1346 3104 edidimus
1365 3049 1505 3116 cum,·„sed

345 3137 405 3204 quia
422 3135 520 3188 nullum
538 3138 635 3189 certum
652 3138 767 3202 tempus,
789 3149 838 3203 quo
857 3134 918 3186 bina
940 3135 1042 3188 comitia
1064 3136 1203 3199 valuerint,
1230 3134 1404 3204 significatur,
1427 3136 1505 3191 lencm

344 3208 510 3274 mutationem
524 3222 576 3273 iam
594 3222 629 3274 ab
645 3221 775 3288 Naugerio
793 3223 939 3287 susceptam
957 3236 1007 3273 non
1026 3222 1253 3289 pertimescendam
1274 3238 1332 3277 esse
1349 3224 1505 3292 putarimus,

344 3305 495 3373 praesertim
512 3321 570 3358 cum
587 3306 664 3358 etiam
682 3304 771 3367 tuias,
789 3303 857 3371 quod
874 3305 935 3357 item
958 3321 1045 3359 omnes
1064 3306 1122 3360 cod.
1141 3311 1242 3373 tenent,
1263 3308 1410 3365 cerdssima
1426 3323 1504 3363 emon·

345 3389 448 3444 datione
464 3392 492 3444 in
510 3391 576 3443 birris
593 3389 734 3443 Beroaldus
752 3389 813 3441 olim
830 3390 943 3442 mutarit.

431 3477 472 3530 28.
491 3476 560 3530 iubet
570 3475 654 3543 serre,
675 3475 794 3530 nimirum
813 3491 879 3540 eum,
898 3492 972 3544 quem
990 3481 1098 3547 oportet.
1130 3478 1218 3546 Neque
1236 3479 1304 3533 enim
1320 3479 1407 3547 quivis
1424 3481 1506 3548 potest

344 3563 417 3616 terre.
445 3562 529 3630 Atque
546 3577 603 3614 eam
621 3561 654 3613 ob
672 3576 784 3624 causam,
802 3562 862 3631 quia
880 3566 978 3616 certum
989 3565 1119 3618 hominum
1133 3567 1214 3633 genus¹
1232 3565 1334 3629 dicium
1352 3564 1505 3621 infinitivum

344 3650 532 3717 activiposuit,
550 3650 660 3717 itemque
678 3647 746 3700 infra
764 3648 821 3712 §29
839 3649 905 3715 quid
921 3650 1015 3703 attinet
1032 3651 1162 3703 curiatam
1180 3651 1259 3718 legem
1270 3649 1347 3717 serre
1365 3649 1463 3706 iudae.
1475 3679 1504 3689 -

344 3753 421 3801 quom
439 3736 469 3787 id
484 3736 570 3804 aprum
587 3733 704 3786 absurde.
741 3734 838 3803 Supple
850 3734 948 3802 faciut,
966 3738 983 3789 i.
999 3753 1020 3788 e.
1042 3753 1118 3806 quarn
1136 3737 1247 3790 absurda
1265 3739 1364 3791 ratione
1382 3738 1413 3791 iu
1429 3740 1504 3807 impe·

345 3822 426 3907 raudo
443 3826 537 3875 utatur.
576 3820 665 3888 Neque
679 3822 754 3874 enim
777 3823 825 3876 hoc
848 3824 994 3892 vituperare
1013 3827 1112 3892 potest,
1134 3825 1247 3892 praetori
1272 3839 1329 3877 esse
1353 3824 1504 3893 imperatum

345 3909 415 3971 (narn
433 3908 477 3975 qui
494 3906 593 3959 terebat
609 3909 635 3957 et
652 3906 693 3958 eui
711 3906 848 3972 ferebatur,
866 3910 924 3976 pari
936 3911 1062 3976 potestate
1080 3923 1137 3965 esse
1153 3908 1305 3977 oportebat),
1324 3908 1370 3962 sed
1388 3909 1460 3979 quod
1475 3924 1504 3963 ex

345 3990 506 4060 praetoribus
524 3989 635 4057 primum
653 3994 678 4042 et
695 3993 854 4057 postremum
872 3993 958 4061 elegit,
976 3994 1069 4062 quibus
1087 3995 1135 4047 hoc
1152 3995 1297 4062 imperaret.
1328 3994 1404 4058 Quod
1422 3999 1504 4049 tamen

344 4076 512 4144 quaeratione
530 4074 620 4152 ductus
637 4077 763 4142 statuerit,
781 4078 808 4129 in
826 4093 936 4131 excursu
954 4079 1073 4132 diximus.
1109 4078 1197 4146 Cicero
1215 4079 1317 4148 quidem
1335 4079 1503 4141 calumniatur

343 4159 370 4211 id
389 4162 434 4211 aut
450 4159 546 4211 factum
564 4175 620 4213 esse
638 4150 708 4212 ¹nulla
726 4161 824 4222 ratione
841 4165 948 4230 propter
966 4164 1093 4233 quandam
1111 4165 1181 4217 Rulli
1198 4165 1403 4232 perversitatem,
1422 4169 1467 4219 ant
1483 4166 1504 4219 si

343 4244 404 4313 quid
423 4243 553 4311 spectarit,
571 4245 594 4296 si
613 4245 674 4312 quid
691 4246 752 4298 mali
770 4248 892 4315 consequi
908 4248 1034 4313 uoluerit,
1055 4249 1190 4302 obscurum
1208 4264 1264 4302 esse
1282 4266 1328 4302 nec
1346 4266 1426 4318 posse
1444 4268 1462 4304 a
1476 4264 1503 4303 se

342 4331 460 4384 inveniri.
496 4331 567 4395 Quae
586 4336 670 4385 autem
688 4334 866 4402 insequuntur:
888 4335 934 4404 qui
945 4335 1049 4404 primur
1067 4334 1102 4387 sit
1113 4342 1225 4404 praetor
1242 4364 1275 4372 —
1300 4336 1345 4403 qui
1357 4343 1502 4405 postremae

342 4415 389 4478 sit,
413 4432 463 4469 non
485 4418 542 4485 ipsa
563 4417 628 4485 legis
652 4434 708 4472 esse
732 4421 823 4485 rerba,
850 4420 905 4473 sed.
923 4421 1022 4473 mutata
1039 4420 1071 4473 ab
1095 4417 1215 4474 Cicerone
1241 4422 1299 4489 ipse
1326 4421 1502 4475 coniuncfirus

342 4504 461 4557 ostendit.

428 4588 468 4641 29.
490 4590 560 4652 Quid
571 4593 682 4660 posteat
716 4590 813 4659 Supple
836 4591 903 4646 dicit
924 4594 953 4647 ic
971 4597 1025 4665 lege
1042 4615 1098 4650 scu.
1133 4596 1252 4650 Differret
1268 4595 1362 4664 igitur,
1379 4595 1402 4649 si
1421 4595 1501 4650 solum

344 4672 409 4745 quid
423 4672 557 4743 legeretur.
575 4704 609 4714 -
626 4693 676 4745 quo
694 4676 740 4745 qui
756 4676 854 4746 opt-ema
872 4681 936 4749 lege,
953 4683 970 4736 i.
982 4697 1004 4739 e.
1023 4685 1078 4743 arm
1088 4682 1167 4737 Xuiri
1179 4677 1269 4745 eodem
1283 4682 1340 4737 iure
1356 4681 1419 4747 sint,
1436 4678 1502 4753 quod
