3550 5492
758 659 824 701 ,,--
868 623 909 687 et
954 659 997 670 -

300 784 498 849 alienandis:
532 784 643 849 deinde
677 784 758 849 orbis
786 790 938 850 terrarum
974 783 1174 870 gentiumque
1207 787 1348 854 omnium
1383 788 1475 853 datur

302 888 456 973 cognitio,
478 908 577 974 poena
591 887 659 952 sine
672 889 896 974 provocatione,
916 882 1142 950 animadversio
1158 885 1226 950 sine
1241 888 1367 954 auxilio.
1389 890 1519 955 Iudi-34

308 1011 383 1054 care
405 1011 462 1075 per
483 988 735 1074 quinquennium
756 990 805 1055 vel
829 989 867 1053 de
895 987 1073 1052 consulibus
1101 987 1151 1052 vel
1173 988 1210 1053 de
1237 989 1313 1074 ipsis
1341 992 1475 1073 tribunis

305 1093 411 1178 plebis
432 1098 592 1179 peterrmt:
615 1092 653 1157 de
674 1093 738 1157 illis
760 1092 879 1157 interea
900 1111 991 1157 nemo
1013 1092 1171 1157 iudicabit.
1205 1094 1404 1178 Magistratus
1426 1086 1475 1163 his

306 1200 418 1281 petere
439 1192 560 1259 licebit:
583 1215 710 1260 causam
732 1194 833 1260 dicere
855 1215 918 1260 non
932 1194 1047 1260 licebit.
1081 1195 1189 1260 Emere
1210 1217 1299 1281 agros
1322 1220 1341 1263 a
1363 1200 1475 1284 quibus

395 1375 429 1417 ³2
444 1377 538 1427 00901110
551 1378 598 1418 eine
612 1378 708 1427 canutio,
720 1386 799 1427 poena
812 1396 837 1408 -
850 1376 884 1418 st.
896 1378 924 1417 iis
934 1381 1018 1428 petere.

304 1525 357 1578 sed
373 1524 531 1589 alienandis,
543 1525 561 1579 i.
573 1541 596 1579 e.
614 1525 771 1594 permittitur
780 1524 870 1578 Xuiris
889 1540 940 1578 non
949 1529 1053 1578 tantum·
1060 1519 1186 1579 reditibus
1203 1527 1294 1580 annuis
1312 1527 1474 1597 vectigalium

304 1609 356 1675 uti,
376 1609 424 1664 sed
440 1611 499 1679 ipsa
521 1610 659 1681 vectigalia
683 1610 806 1675 rendere,
832 1610 900 1663 unde
923 1611 1013 1680 ingens
1036 1611 1145 1679 pecunia
1167 1611 1309 1667 conficitur.
1349 1612 1475 1668 Alienure

305 1696 392 1767 igitur
409 1699 451 1750 est
466 1697 587 1762 rendere,
605 1701 634 1750 ut
650 1698 677 1749 in
696 1695 769 1750 Verr.
786 1696 837 1761 IV,
855 1697 903 1761 60,
924 1696 973 1749 134
991 1697 1122 1749 ciuitatem
1136 1699 1223 1766 pretio
1237 1715 1323 1768 paruo
1342 1714 1387 1764 ea,
1409 1715 1476 1767 quae

305 1780 455 1851 accepisset
469 1799 488 1835 a
503 1781 659 1845 maioribus,
680 1782 827 1836 uendidisse
853 1789 931 1851 atque
951 1783 1079 1835 alienasse
1102 1784 1157 1836 sire
1178 1784 1347 1840 abalienatae.
1383 1784 1476 1850 Quam·

306 1883 389 1938 quam
407 1867 512 1937 proprie
528 1868 578 1922 hoc
596 1868 717 1932 interest,
739 1871 769 1920 ut
784 1869 923 1921 alienatum
946 1869 995 1933 sit,
1014 1868 1082 1936 quod
1100 1884 1152 1922 uon
1169 1874 1269 1925 tantum
1287 1871 1407 1935 venierit,
1430 1870 1475 1923 sed

309 1955 365 2008 am
382 1954 462 2007 cuam
479 1953 553 2006 uua
570 1954 694 2007 nautum
711 1954 747 2007 su
764 1953 833 2023 (erp.
852 1954 911 2025 urg.
928 1954 957 2019 n,
977 1941 1018 2018 10,
1036 1952 1088 2018 eu).
1124 1955 1163 2012 01.
1183 1958 1250 2011 inea
1267 1957 1338 2023 sss.
1355 1985 1389 1996 -
1407 1955 1476 2010 aaa

311 2047 446 2093 marum
462 2067 497 2077 -
513 2039 634 2108 cognitio.
669 2039 784 2094 Dicimus
803 2057 955 2109 cognoscere
972 2057 1024 2094 rem
1044 2042 1209 2111 inquisitione
1232 2043 1321 2097 habita
1343 2043 1427 2112 qualis
1444 2057 1476 2095 ea

311 2125 349 2180 sit
366 2125 490 2194 reperire,
508 2125 554 2178 sed
571 2142 723 2193 cognoscere
741 2126 773 2179 de
789 2143 819 2180 re
835 2128 949 2180 iudicare
967 2132 994 2180 et
1011 2130 1166 2181 sententiam
1184 2128 1277 2183 dicere.
1311 2129 1403 2184 Orbem
1421 2129 1473 2203 qui·

312 2210 374 2265 dem
391 2215 519 2265 terrarum
536 2227 690 2281 cognoscere
708 2216 734 2265 et
751 2213 782 2265 de
800 2214 863 2266 orbe
880 2229 1036 2284 cognoscere
1048 2218 1205 2283 quantopere
1224 2217 1292 2269 inter
1309 2231 1338 2269 se
1356 2213 1476 2268 differant

308 2297 389 2353 facile
407 2297 539 2350 sentimus.
576 2297 770 2351 Substantivum
793 2302 879 2352 tamen
902 2316 959 2352 cum
980 2301 1094 2370 genitivo
1117 2303 1225 2370 utraque
1247 2302 1347 2356 ratione
1370 2301 1475 2354 coniun-

310 2384 393 2454 gitur,
413 2382 484 2436 velut
500 2382 534 2436 ad
548 2382 781 2448 Att.XV1,1e,11
802 2386 843 2438 lec
861 2402 951 2439 earum
968 2403 1064 2450 rerum,
1082 2405 1147 2454 quas
1168 2386 1266 2441 Caesar
1283 2387 1418 2440 statuisset
1440 2414 1474 2425 -

311 2468 461 2524 censalibus
477 2469 648 2537 cognitionem
668 2469 741 2522 dedit
756 2471 924 2540 similiterque
942 2473 1020 2540 paulo
1042 2472 1111 2525 infra
1129 2478 1169 2527 est
1187 2491 1245 2526 curn
1266 2473 1364 2526 iudicio
1386 2489 1474 2526 raum

311 2556 436 2610 omniura
469 2554 559 2623 Inepte
576 2558 662 2608 autem
679 2555 780 2608 codices
798 2572 886 2610 omnes
906 2561 1007 2626 praeter
1024 2575 1103 2612 unum
1116 2559 1178 2629 Lag.
1192 2559 1208 2612 9
1226 2559 1343 2612 scribunt
1361 2558 1474 2627 cognitio

311 2636 370 2696 sinc
387 2641 504 2694 comalio.
531 2640 611 2705 Quasi
625 2642 759 2709 quisquam
777 2644 944 2711 magistratus
956 2661 1068 2712 unquam
1085 2645 1142 2714 lege
1154 2648 1200 2698 aut
1216 2644 1312 2710 vetitus
1331 2648 1376 2697 aut
1387 2645 1473 2697 iussus

311 2729 349 2783 sit
366 2733 426 2780 cum
444 2726 552 2780 00101110
570 2735 738 2795 cognoscere!
764 2728 794 2781 ln
811 2744 882 2782 more
899 2730 964 2782 illud
981 2733 1044 2793 erat,
1062 2733 1092 2783 ut
1110 2730 1141 2782 de
1158 2729 1261 2784 consilii
1276 2730 1405 2782 sententia
1421 2745 1473 2781 ma·

307 2812 438 2884 g‘shatus
454 2816 639 2882 cognoscerent
656 2829 704 2867 nec
721 2815 797 2868 modo
815 2831 847 2868 ex
864 2816 978 2879 cohorte,
996 2814 1042 2867 sed
1060 2816 1138 2867 etiam
1156 2816 1228 2879 alies,
1246 2829 1310 2882 quos
1323 2813 1428 2878 vellent,
1445 2815 1473 2866 in

306 2899 448 2954 consillum
466 2898 627 2952 adhiberent.
660 2899 792 2953 Finitores
811 2905 897 2953 autem
914 2899 961 2964 illi,
979 2916 1044 2969 quos
1063 2900 1186 2964 diximus,
1209 2899 1345 2952 consilium
1362 2897 1473 2951 Xuirum

304 2985 466 3040 efficiebant
507 2984 591 3050 Quare
614 2986 735 3054 ascripsit
757 2986 803 3038 illa
824 2987 905 3040 rerba
931 2991 1040 3051 temere,
1062 2988 1107 3056 qui
1130 2987 1303 3056 cognitionem
1329 2983 1426 3053 pariter
1443 2999 1473 3037 ac

305 3078 421 3141 poenam
447 3073 474 3125 et
498 3071 747 3125 animadversionem
771 3075 890 3126 eremari
917 3063 1031 3142 oupeiet.
1077 3073 1236 3143 Quamquam
1257 3070 1386 3124 invidiose
1410 3084 1472 3122 sane

305 3157 400 3211 (licere
416 3157 443 3209 h.
460 3157 478 3210 l.
495 3159 652 3226 potestatem
671 3157 783 3212 Xvnum
806 3143 892 3230 auget.
936 3160 1051 3213 Primum
1073 3160 1142 3212 enim
1161 3174 1274 3228 poenum
1299 3155 1429 3225 appellat,
1450 3155 1473 3208 si

305 3243 351 3298 cui
368 3257 462 3312 agrurn
480 3243 631 3307 adimerent,
648 3244 665 3298 i.
675 3259 698 3296 e.
708 3245 731 3298 si
749 3261 826 3312 quern
843 3247 901 3314 quis
919 3261 1009 3314 agrurn
1027 3245 1142 3311 haberet,
1154 3245 1287 3314 publicum
1298 3242 1389 3313 populi
1397 3242 1472 3295 Rom.

304 3344 366 3384 esse
381 3327 528 3383 iudicarent
544 3331 631 3398 (atque
649 3331 728 3383 etiam
745 3331 808 3396 §34
826 3333 863 3384 ait
886 3333 960 3400 apris
977 3332 1108 3399 multare),
1125 3331 1247 3399 additque
1269 3329 1325 3382 sine
1344 3343 1473 3398 provoca·

306 3417 386 3479 11000,
405 3415 474 3484 quia,
492 3431 550 3468 cum
565 3415 643 3471 Xviri
662 3416 758 3485 singuli
773 3432 820 3485 per
839 3419 956 3486 singulas
974 3419 1077 3484 imperii
1093 3421 1181 3487 partes
1199 3433 1253 3470 rem
1271 3415 1408 3484 gerebant,
1425 3428 1472 3467 nec

305 3500 441 3570 superiore
458 3517 507 3556 nec
526 3503 585 3570 pari
605 3506 736 3571 potestate
757 3504 938 3572 magistratum
962 3505 1092 3574 appellare
1114 3504 1217 3557 licebat.
1256 3500 1355 3554 Deinde
1379 3499 1471 3552 acerbo

304 3587 435 3641 vocabulo
453 3588 704 3642 animadversionem
722 3588 793 3654 dicit,
811 3591 913 3659 siquis,
927 3592 970 3659 qui
989 3590 1161 3644 adimentibus
1173 3587 1263 3642 Xuiris
1281 3599 1371 3655 parere
1383 3583 1473 3646 nollet,

303 3673 332 3725 ri
348 3669 536 3742 depelleretur;
559 3691 619 3728 nam
638 3676 661 3728 si
678 3675 757 3728 etiam
774 3675 825 3729 alia
842 3677 965 3730 coercitio
982 3676 1015 3728 iis
1034 3676 1094 3728 data
1111 3679 1193 3738 esset,
1220 3675 1329 3740 quantes
1347 3668 1471 3722 clamores

304 3757 399 3812 Cicero
420 3760 571 3814 excitasset!
612 3760 733 3829 Depulsis
759 3765 918 3816 autemnon
941 3762 1036 3814 licebat
1059 3761 1187 3820 auxilium
1209 3756 1371 3810 tribunorum
1387 3750 1471 3822 plebis

304 3843 456 3912 implorare,
473 3845 534 3914 quia
551 3851 624 3900 extra
642 3849 730 3901 urbem
749 3851 775 3900 et
791 3848 859 3901 inter
875 3848 1025 3917 peregrines
1042 3846 1095 3898 lere
1113 3860 1154 3898 res
1172 3842 1305 3912 agebatur.

395 3928 439 3985 34.
455 3931 576 3986 iudicare
594 3963 628 3971 —
644 3935 688 3987 uel
703 3934 735 3986 de
753 3933 900 3986 consulibus
916 3933 959 3986 vel
975 3932 1007 3986 de
1025 3930 1195 3984 --tribuuis
1228 3923 1362 3993 Quomodo
1380 3922 1471 3977 dehis

305 4014 505 4084 magistratibus
522 4019 637 4073 iudicare
654 4023 795 4088 poterunt?
822 4018 851 4071 Si
868 4020 896 4084 ii,
909 4020 1008 4088 opinor,
1022 4033 1119 4087 agrum,
1136 4015 1181 4083 qui
1194 4011 1313 4081 publicus
1326 4025 1383 4064 esse
1399 4009 1470 4062 ride-

305 4105 374 4165 atur,
391 4101 420 4154 in
437 4103 539 4170 privata
553 4107 718 4174 possessione
736 4104 875 4169 habebant,
893 4105 933 4158 rel
952 4105 1030 4157 etiam
1047 4104 1070 4156 si
1092 4100 1210 4155 consules
1227 4097 1386 4167 provinciam
1405 4094 1470 4148 acci·

305 4189 389 4257 pient,
407 4188 436 4240 in
453 4205 505 4257 qua
522 4189 599 4246 Xuiri
616 4207 675 4245 cum
696 4207 796 4244 summa
813 4195 943 4259 potestate
967 4189 1144 4243 versabuntur.
1178 4186 1233 4255 Ipsi
1251 4186 1337 4237 autern
1355 4182 1470 4250 siquem

306 4288 401 4343 agrum
417 4264 604 4342 possidebunt,
625 4293 699 4331 nemo
717 4277 815 4346 poterit
831 4277 954 4340 iudicare,
972 4270 1020 4329 ne'c
1042 4275 1125 4343 magis
1148 4272 1253 4340 reliquis
1278 4267 1471 4338 magistratibus

307 4360 337 4412 iu
353 4358 452 4412 iudicia
469 4360 502 4414 de
519 4379 581 4432 agro
599 4364 703 4432 publico
722 4363 840 4416 facienda
857 4378 885 4416 se
902 4362 1015 4415 inserere
1031 4361 1127 4415 licebit.
1145 4387 1179 4419 r-
1193 4364 1282 4427 petere
1300 4353 1393 4407 licebit.
1418 4353 1471 4406 hla-

307 4446 350 4514 gis
367 4446 418 4498 hcc
434 4449 540 4517 proprie
563 4450 670 4515 (11011111,
693 4465 771 4517 quam
793 4447 863 4516 quod
886 4446 948 4499 olim
971 4450 1061 4501 eontra
1084 4446 1201 4501 codicum
1219 4441 1396 4496 auctoritatem
1414 4437 1472 4490 ede·

308 4531 387 4608 hatur
402 4548 494 4601 geere
512 4535 606 4590 beabit.
633 4535 678 4589 Sic
690 4535 757 4588 enim
775 4533 844 4601 apud
862 4533 992 4586 Romanos
1010 4533 1088 4586 meris
1107 4535 1169 4597 erat,
1187 4533 1216 4584 ul
1232 4543 1297 4597 quos
1314 4541 1366 4579 non
1383 4524 1473 4577 liceret

307 4617 488 4686 mammam
506 4637 607 4692 capere,
624 4638 712 4678 eorum
723 4635 817 4675 nomeu
828 4620 873 4689 qui
883 4619 994 4674 comitiis
1006 4622 1134 4688 praeerat,
1151 4617 1265 4684 recipere
1278 4630 1309 4666 ao
1325 4610 1473 4665 renuntiare
1507 4633 1509 4637 ·

307 4707 457 4771 1011101111,
470 4710 503 4761 'ut
521 4724 536 4760 a
552 4709 680 4789 petendo,
701 4722 754 4763 nou
774 4724 790 4762 a
807 4706 920 4776 gerendo
941 4705 1145 4774 prohiberentur.
1180 4701 1250 4841 (1111115
1256 4699 1359 4808 ⁴'acerba
1386 4698 1473 4790 autem
