3550 5492
830 579 1043 647 ...58-

358 743 498 808 omnium
512 764 615 807 rerum
637 743 754 826 quaeri,
777 764 847 807 cum
867 743 998 809 videatis
1011 766 1093 827 eum,
1109 766 1201 830 quem
1220 746 1380 814 custodem
1397 754 1509 814 vestrae

357 845 509 912 libertatis
530 849 592 911 lere
616 846 749 927 videant,
771 852 928 932 expertem
950 847 1017 911 fieri
1040 845 1222 931 dignitatis?

315 975 348 1029 ιθ
461 967 640 1051 Cognoscito
654 987 738 1031 nunc
752 987 830 1052 quae
851 972 985 1053 potestas
1007 968 1112 1035 Xviris
1133 977 1166 1036 et
1187 976 1304 1055 quanta
1318 970 1421 1036 detur.
1450 971 1545 1037 Pri·

356 1089 443 1133 mum
465 1069 564 1154 lego
554 1071 672 1134 curiata
693 1069 804 1135 Xuiros
833 1077 930 1136 ornat.
908 1071 1048 1137 tIam
1076 1074 1132 1139 hoc
1160 1075 1282 1140 inaudit
1269 1081 1338 1140 tum
1366 1081 1400 1140 et
1426 1075 1510 1161 plano

356 1194 434 1238 novo
455 1194 594 1256 more,u
572 1173 619 1238 uti
641 1172 758 1238 curiata
772 1174 839 1257 lege
855 1175 969 1259 magist
969 1181 1018 1240 rat
1019 1196 1055 1240 us
1004 1177 1129 1242 tdet
1115 1182 1175 1260 tur,
1199 1199 1249 1242 cur
1239 1178 1360 1243 nullis
1383 1177 1511 1243 comitiis
1547 1146 1550 1243 l

355 1283 427 1341 ante
448 1277 490 1341 sit
476 1276 563 1341 dtat
550 1281 625 1341 trus
654 1277 733 1341 Eam
753 1277 853 1361 legem
875 1278 913 1341 ab
940 1298 974 1341 eo
995 1283 1133 1364 praetore
1162 1279 1267 1365 populi
1288 1279 1441 1364 Romani,
1463 1281 1511 1365 qui
1548 1282 1550 1341 Ξ

355 1378 397 1444 sit
417 1378 536 1464 primus
558 1379 620 1442 lact
607 1382 672 1460 tus,
700 1378 773 1442 ferri
794 1379 890 1444 iubet
939 1379 982 1444 At
969 1385 1063 1464 tquo
1085 1381 1194 1446 modo?
1237 1382 1322 1448 Ut'
1301 1403 1326 1446 ιι
1347 1382 1511 1449 Xviratum
1548 1394 1550 1477 j

354 1481 496 1564 habeant,
519 1502 594 1565 quos
615 1480 703 1567 plebs
725 1481 939 1566 designaverit.
977 1486 1098 1552 Oblitus
1121 1494 1169 1553 est
1186 1488 1288 1554 nullos
1311 1510 1331 1552 a
1350 1488 1444 1574 plebe
1465 1489 1510 1554 de
1548 1488 1550 1547 Ξ

353 1584 479 1669 signari.
523 1586 616 1651 Etis
644 1586 748 1655 orbem
775 1593 927 1655 terrarum
956 1589 1138 1674 constringit
1166 1591 1254 1656 novis
1282 1591 1422 1675 legibus,
1451 1592 1510 1678 qui,
1548 1580 1550 1621 ³

353 1689 433 1774 quod
462 1689 496 1753 in
523 1682 657 1754 secundo
685 1689 784 1776 capite
811 1691 961 1777 scriptum
990 1697 1052 1774 est,
1081 1712 1144 1758 non
1171 1692 1314 1758 meminit
1340 1692 1375 1757 in
1402 1693 1511 1759 tertio?
1548 1690 1550 1773 ζ

352 1792 455 1876 Atque
470 1792 521 1858 hic
535 1792 732 1878 perspicuum
748 1799 804 1876 est,
821 1795 896 1879 quid
911 1794 987 1860 iuris
1006 1817 1025 1860 a
1039 1795 1206 1862 maioribus
1227 1796 1419 1883 acceperitis,
1442 1797 1511 1882 quid

305 1907 344 1961 Xl
353 1896 390 1959 ab
419 1895 476 1960 hoe
503 1895 627 1960 tribuno
654 1895 753 1981 plebis
781 1898 868 1963 vobis
897 1897 1098 1983 relinquatur.
1157 1900 1287 1966 Maiores
1315 1900 1354 1965 de
1380 1900 1510 1986 'singulis

352 1999 584 2082 magistratibus
607 1998 654 2063 bis
677 2021 730 2064 vos
752 2002 939 2068 sententiam
954 2003 1031 2066 serre
1052 2003 1225 2069 voluerunt.
1259 2002 1340 2068 Nam
1354 2025 1430 2069 cum
1443 2026 1510 2070 een·

278 2098 283 2106 '
351 2100 468 2166 turiata
489 2101 539 2166 lex
554 2101 730 2168 censoribus
755 2105 918 2190 serebatur,
941 2128 1013 2171 curn
1028 2107 1147 2174 curiata
1162 2107 1270 2175 ceteris
1285 2106 1428 2196 patriciis
1449 2130 1510 2175 ma

437 2292 468 2333 26.
479 2295 546 2343 plane
560 2303 641 2344 nocam,
655 2299 678 2336 ιιι
692 2296 713 2334 ιι
725 2296 817 2337 cartalo.
830 2315 857 2326 -
870 2306 912 2335 om.
924 2299 1001 2347 papali
1012 2297 1109 2338 annana

438 2447 479 2501 ιι.
497 2465 562 2501 aava
579 2466 657 2503 onore.
693 2450 756 2504 Cum
773 2452 856 2521 legem
875 2454 1013 2518 curiatam,
1037 2454 1068 2508 de
1087 2470 1137 2522 qua
1154 2454 1196 2507 hic
1212 2453 1283 2509 loeus
1301 2453 1459 2522 praecipuus
1475 2457 1511 2507 est

351 2534 494 2600 Ciceronis,
512 2536 539 2587 in
560 2537 631 2591 exitu
653 2538 728 2592 ιιιιιιιι
751 2539 870 2593 editionis
893 2539 1118 2604 illustraverimus,
1136 2543 1267 2608 superest,
1295 2543 1336 2604 nt,
1358 2555 1426 2607 quae
1443 2555 1510 2608 prae·

350 2626 422 2675 terea
448 2623 684 2676 commemoratione
713 2625 792 2694 digna
820 2628 887 2689 sunt,
914 2625 1078 2694 explicemus.
1124 2625 1201 2690 Quod
1226 2627 1306 2694 igitur
1332 2626 1439 2680 maiore'
1459 2625 1510 2680 cod.

351 2710 501 2764 auctoritate
524 2710 715 2765 commendatur
737 2729 803 2765 aava
825 2729 909 2776 more,
938 2715 1005 2765 recte
1028 2711 1078 2765 diei
1101 2728 1175 2766 nemo
1198 2711 1310 2780 negabit.
1357 2711 1423 2765 Oum
1445 2714 1511 2766 enim

240 2798 248 2806 ‘
350 2798 455 2864 propter
473 2796 723 2850 coniunctionemt
693 2805 723 2850 ιιι
736 2797 906 2866 supplendum
929 2799 963 2852 sit
952 2799 1089 2852 tverbum
1114 2798 1229 2868 aliquod,
1252 2798 1322 2851 velut
1339 2798 1382 2866 fit,
1406 2798 1509 2862 ιιιίιιιι,

350 2883 477 2936 ablativus
495 2883 636 2937 iustissime
652 2883 736 2937 locum
755 2899 830 2937 suum
847 2885 931 2937 tuebit
920 2887 968 2938 t.ur
998 2883 1096 2938 Vereor
1112 2885 1199 2948 etiam,
1219 2900 1250 2938 ne
1268 2883 1366 2950 (licere,
1384 2900 1445 2939 cum
1463 2885 1510 2938 alia

348 2984 429 3038 prope
447 2968 541 3022 similia
558 2970 697 3038 usurparit,
719 2987 813 3023 aevum
834 2977 874 3023 cat
890 2979 920 3023 ιιι
936 2973 1005 3036 (narn
1022 2972 1071 3025 hoc
1094 2955 1197 3040 quidam
1220 2987 1252 3024 ex
1275 2971 1402 3024 deteriore
1425 2957 1509 3026 codiee

349 3056 534 3124 praetulerunt)
553 3071 604 3108 non
622 3055 730 3121 dixerit,
749 3061 816 3111 certe
835 3057 887 3125 qui
896 3056 996 3110 laudari
1015 3056 1080 3110 solet
1097 3057 1192 3110 locus'
1185 3073 1211 3109 ιιι
1229 3056 1301 3110 Verr.
1311 3054 1381 3122 6,6,
1402 3057 1436 3112 13
1453 3056 1508 3111 Hoc

349 3157 410 3194 vero
428 3158 521 3194 accam
539 3148 565 3194 ιι
581 3141 637 3194 aias
654 3142 725 3194 modi
742 3149 793 3206 ιιι,
811 3149 852 3206 ιιι,
870 3142 931 3211 quia
949 3140 1035 3194 adiicit
1025 3143 1067 3193 tur
1084 3147 1110 3194 ιι
1128 3141 1261 3206 eiusmodi,
1279 3156 1311 3194 ex
1329 3141 1455 3197 dissimili·
1468 3157 1507 3211 ge

348 3244 414 3289 nere,
426 3228 526 3280 uidetur
540 3244 607 3288 esse.
647 3227 728 3282 Paulo
750 3232 810 3297 post
830 3230 909 3282 nullis
933 3227 1043 3281 comitiis
1061 3227 1110 3289 ait,
1128 3227 1187 3294 quia
1212 3227 1385 3296 septendecim
1411 3231 1510 3282 tautum

348 3315 430 3367 tribus
448 3313 545 3368 Xuiros
563 3315 676 3367 fecerant
694 3315 839 3384 pariterque
858 3313 959 3384 plebem
977 3312 1157 3383 appellandam
1175 3329 1232 3368 esse
1249 3317 1340 3383 negat,
1365 3329 1433 3382 quae
1450 3329 1506 3384 pera

349 3404 447 3455 tanturn
465 3402 548 3470 plebis
566 3402 648 3456 inerit.
667 3431 701 3440 -
714 3409 838 3472 praetore
852 3392 947 3471 papuli
964 3397 1084 3453 Romani.
1103 3399 1219 3468 Sumpsit
1241 3400 1305 3452 haec
1325 3415 1358 3452 ex
1374 3399 1437 3468 ipsa
1452 3400 1506 3468 lege

312 3520 315 3529 ·
349 3487 458 3540 Servilia
475 3488 582 3558 ideoque
600 3487 717 3541 sollemni
734 3489 836 3541 nomine
854 3488 942 3540 utitur
969 3484 1039 3538 Infra
1056 3485 1124 3537 enim
1141 3481 1202 3550 §28
1219 3483 1289 3537 iubet
1305 3483 1374 3536 enim
1391 3485 1440 3552 qai
1452 3500 1506 3554 pn·

347 3589 403 3624 mus
421 3571 457 3624 ιιι
468 3579 579 3642 maeror
590 3570 682 3640 fuctus
700 3587 737 3641 sq
756 3586 807 3623 non
827 3571 919 3639 legis
911 3571 994 3646 rpsius
1012 3571 1091 3623 verba
1114 3570 1176 3624 citat
1177 3568 1307 3637 .ltaque
1331 3584 1426 3637 parum
1442 3572 1505 3623 recte

346 3656 475 3723 fecerunt,
502 3657 591 3726 quib.
609 3657 627 3710 l
651 3660 740 3711 contra
699 3656 881 3709 tmeliores
905 3657 961 3710 cod.
987 3657 1078 3727 populi
1098 3658 1172 3710 Rom.
1199 3656 1353 3709 mentionem
1381 3654 1504 3709 delerant

347 3743 453 3797 Primus
471 3747 602 3797 autem
573 3743 627 3795 fi
619 3760 642 3796 rs
660 3741 692 3794 de
709 3746 766 3796 octo
784 3743 953 3811 praetoribus,
972 3745 1015 3813 qui
1027 3743 1257 3812 primusmaicrem
1268 3745 1367 3810 partem
1381 3744 1504 3798 centuria·

348 3847 402 3883 rum
421 3831 479 3885 fert.
515 3829 603 3898 Neque
621 3829 688 3881 enim
711 3828 738 3881 iu
762 3829 870 3881 comitiis
895 3824 1058 3892 centuriatis,
1081 3827 1172 3896 quibus
1190 3829 1323 3896 praetores
1345 3829 1504 3892 creabantur,

347 3920 476 3972 centuriae
493 3918 698 3987 perrogabantur
715 3917 909 3986 perrogatisque
928 3916 960 3968 iis
979 3913 1093 3976 demum,
1112 3913 1156 3980 qui
1174 3912 1298 3980 plurimas
1316 3912 1451 3979 tulissent,
1468 3929 1504 3967 re·

347 4006 542 4069 nuntiabantur,
566 4003 613 4057 sed
629 4006 658 4055 ιιι
680 4003 787 4071 quisque
807 4004 905 4070 primus
928 4001 1056 4058 maiorem¹
1068 3998 1170 4051 illarum
1188 4001 1287 4066 partem
1306 3998 1413 4064 tulerat,
1431 4000 1503 4054 ιιιιιι

347 4095 432 4144 autem
450 4094 507 4143 octo
525 4088 685 4158 praetoribus
704 4088 816 4156 reliquae
835 4088 964 4141 centuriae
982 4100 1033 4138 non
1051 4084 1216 4137 uocabantur.
1242 4082 1381 4137 ltaOioero
1398 4085 1432 4139 de
1444 4087 1502 4155 imp.

308 4219 311 4223 .
346 4177 436 4244 Pomp.
451 4176 474 4239 l,
492 4175 508 4228 ι
527 4190 555 4228 se
574 4174 705 4242 gloriatur·
716 4175 826 4243 primurn
844 4174 989 4242 praetorem
1007 4168 1128 4221 centuriis
1146 4168 1244 4221 cunetis
1263 4168 1437 4233 renuntiatum
1455 4171 1474 4223 i.
1481 4185 1502 4222 e.

345 4264 390 4326 ita,
409 4265 438 4315 ut
455 4261 525 4313 nulla
542 4276 601 4314 eum
619 4261 734 4314 centuria
751 4275 802 4312 non
820 4257 986 4319 renuntiaret,
1005 4252 1064 4306 dum
1077 4253 1199 4306 maiorem
1211 4256 1311 4322 partem
1328 4254 1439 4309 tulisset.
1466 4255 1502 4309 ol.

346 4347 379 4400 ad
395 4363 421 4414 p.
440 4347 503 4399 Mur.
522 4345 551 4411 8,
572 4346 611 4400 18.
630 4375 663 4384 -
686 4346 834 4399 centuriata
857 4345 898 4398 ιιι
921 4341 1066 4398 censorious
1084 4340 1227 4410 ferebatur.
1267 4339 1353 4396 Variis
1375 4343 1438 4396 olim
1463 4343 1502 4397 hic

344 4431 416 4483 locus
434 4428 586 4484 coniecturis
604 4431 753 4494 vexabatur,
765 4430 792 4482 vi
810 4433 946 4483 sanatura
963 4428 1027 4497 legis
1041 4428 1153 4481 curiatae
1164 4427 1296 4480 intellecta
1311 4429 1356 4480 rix
1368 4430 1502 4500 quisquam

345 4514 480 4568 dubitabit.
516 4515 544 4568 Si
566 4517 632 4569 enim
650 4517 677 4569 in
695 4517 786 4569 ceteris
804 4513 997 4583 magistratibus
1021 4513 1136 4581 patriciis
1155 4513 1233 4566 moris
1256 4511 1319 4576 fuit,
1342 4516 1371 4564 ιιι
1388 4515 1441 4582 ipsi
1458 4515 1501 4584 qui

345 4600 408 4653 iacti
426 4604 519 4665 essent,
536 4600 619 4669 legem
637 4601 669 4654 de
685 4600 792 4668 imperio
810 4614 857 4652 sno
875 4600 978 4663 ferrent,
995 4598 1062 4651 idem
1080 4598 1107 4650 in
1119 4597 1268 4651 censoribus
1284 4599 1409 4654 accidisse
1427 4602 1501 4656 ιιιιιι

347 4683 489 4750 credemus,
506 4687 550 4755 qni
566 4688 616 4741 etsi
632 4686 749 4758 imperio,
767 4684 835 4756 quod
850 4685 955 4754 proprie
970 4688 1088 4750 vocatur,
1106 4684 1243 4750 carebant,
1266 4686 1384 4756 auspicia
1406 4690 1501 4754 tamen,
