3550 5492
921 615 1013 659 xxxu

296 737 303 750 ⁹
392 756 465 822 huic
489 762 619 841 utroque
640 755 674 818 in
696 773 805 836 genere
826 753 916 837 longe
937 753 1107 838 plurimum
1129 751 1264 835 debetur,
1287 749 1445 836 multoque
1468 749 1549 816 inse-

390 868 484 934 riores
505 873 579 933 sunt
600 865 732 931 Adriani
758 864 896 930 Tumebi
921 863 1143 946 commentarii,
1165 858 1293 928 Parisiis
1311 864 1393 927 1576
1408 863 1550 947 primurn

393 978 480 1061 editi,
503 978 562 1042 etsi
584 977 699 1042 habent
720 984 841 1058 tamen,
864 998 919 1040 eur
940 977 1064 1060 cognitu
1092 975 1156 1041 sint
1178 974 1274 1058 digni.
1313 974 1422 1039 Postea
1443 975 1550 1039 iacue-

327 1157 329 1160 4
390 1095 464 1154 runt
486 1088 544 1152 hae
566 1089 717 1155 orationes
739 1109 838 1172 neque
861 1108 1063 1172 quemquam,
1090 1087 1144 1171 qui
1166 1086 1314 1171 peculiari
1336 1086 1471 1151 editione
1495 1092 1551 1151 aut

293 1219 296 1224 ·
390 1207 545 1265 enarraret
572 1206 627 1284 aut
652 1189 823 1264 recenseret
851 1199 1047 1265 invenerunt.
1098 1198 1195 1263 Pauci
1222 1197 1296 1263 adeo
1323 1197 1463 1279 fuerunt,
1494 1198 1550 1282 qui

390 1312 479 1396 quasi
507 1311 592 1376 aliud
620 1316 745 1395 agentes
772 1309 975 1394 attingerent,
1003 1309 1090 1375 velut
1117 1308 1184 1375 Nic.
1213 1309 1387 1394 Madvigius
1415 1315 1446 1375 et
1474 1309 1549 1374 Alb.

391 1423 462 1488 Sed.
474 1421 714 1506 Wesenbergius
736 1428 767 1488 et
781 1428 933 1507 postremo
953 1421 1110 1506 Kayserus
1125 1420 1245 1503 (Addit
1261 1421 1334 1486 edit.
1347 1421 1439 1487 Orell.
1451 1420 1508 1485 alt.
1520 1421 1551 1510 Il
1590 1473 1592 1479 .

390 1554 420 1618 p.
445 1535 524 1598 1441
540 1534 610 1617 sq).
648 1533 737 1598 Unus
758 1540 917 1617 praeterea
935 1554 1006 1598 cum
1028 1547 1141 1616 magna
1156 1531 1247 1597 laude
1262 1513 1549 1597 commemorandus

391 1651 437 1709 est
464 1645 560 1709 Henr.
589 1643 702 1709 Christ.
724 1644 808 1709 Frid.
832 1635 1020 1725 Gebhardt.,
1044 1643 1099 1728 qui
1121 1643 1232 1709 Curiae
1252 1643 1455 1727 Regnitianae
1484 1638 1549 1709 tres

389 1756 550 1821 fasciculos
572 1755 823 1821 observationum
843 1755 1021 1820 criticarum
1041 1755 1077 1819 in
1098 1754 1250 1820 orationes
1278 1754 1315 1819 de
1338 1756 1403 1838 lege
1426 1756 1550 1850 agraria

390 1887 462 1932 ann.
487 1867 586 1948 1839,
612 1866 710 1948 1844,
741 1867 821 1932 1851
847 1865 952 1930 edidit.
1001 1866 1032 1949 Is
1061 1865 1098 1931 de
1125 1865 1242 1952 aliquot
1270 1866 1344 1932 locis
1372 1866 1550 1932 deotissime

390 1977 574 2063 disputavit,
597 1957 755 2061 quaedam
769 1976 928 2061 ingeniose
957 1966 1110 2060 restituit,
1139 1996 1294 2063 nusquam
1321 1977 1367 2043 ita
1388 1977 1500 2069 dixit,
1513 1984 1550 2044 ut

389 2088 500 2172 legisse
521 2068 684 2173 poeniteat.
752 2083 756 2090 ’

445 2279 447 2283 Ι
475 2200 559 2277 Quae
579 2211 650 2281 cnm
671 2199 717 2264 ita
737 2198 817 2280 sint,
841 2220 935 2284 quam
956 2199 1106 2266 rationem
1128 2220 1184 2265 nos
1207 2200 1242 2265 in
1263 2199 1321 2266 hac
1342 2201 1476 2268 editione
1499 2224 1549 2268 se-

389 2311 443 2396 qui
468 2300 662 2376 debuerimus
684 2316 819 2396 apparet.
864 2312 902 2376 In
923 2312 1118 2377 recensendis
1140 2312 1241 2377 verbis
1263 2312 1360 2379 codici
1380 2313 1549 2397 Lagomar-

388 2422 510 2488 siniano
532 2442 612 2487 nono
634 2417 795 2508 paruimus
817 2428 849 2487 et
863 2422 1019 2488 omittenti
1033 2429 1064 2489 et
1079 2423 1249 2517 collocanti,
1264 2423 1383 2509 reliqua
1399 2424 1549 2491 scribenti

389 2533 434 2598 ita
452 2533 647 2616 credidimus,
662 2541 699 2599 ut
712 2555 802 2620 saepe
818 2555 890 2599 enm
905 2535 1087 2600 mendosum
1102 2555 1167 2600 esse
1181 2535 1430 2602 meminissemus
1444 2558 1549 2620 gram-

391 2646 595 2729 maticamque
617 2667 652 2710 ac
674 2646 861 2710 sententiam
883 2647 1127 2713 observaremus:
1153 2647 1208 2712 nbi
1229 2648 1440 2714 emendatione
1457 2646 1549 2714 'codi-

377 2780 462 2823 cum
483 2758 633 2823 utendum
648 2765 723 2840 erat,
746 2757 887 2841 religiose
903 2759 969 2824 eius
987 2765 1143 2825 auctorem
1157 2759 1397 2839 nominavimus,
1412 2759 1549 2845 reliquas

392 2870 592 2951 coniecturas,
615 2869 678 2934 nisi
699 2889 779 2954 quae
801 2869 967 2935 admodum
988 2876 1091 2937 essent
1111 2872 1340 2954 memorabiles,
1364 2873 1426 2936 fere
1447 2873 1549 2938 tecui-

290 3004 297 3019 ·
389 3003 469 3045 mus.
491 2981 669 3066 Interpretis
692 3001 764 3047 voro
778 2987 880 3066 partes
910 3002 974 3048 esse
994 2983 1150 3067 oportebat
1171 2983 1332 3048 maximas.
1376 2984 1551 3049 Versantur

389 3093 474 3158 enim
495 3093 570 3158 haee
593 3093 628 3156 in
649 3092 752 3156 media
773 3093 957 3178 antiquitate
978 3093 1119 3159 Romana
1140 3115 1236 3179 eaque
1254 3093 1436 3158 difficillima
1454 3100 1549 3181 atque

389 3204 625 3285 obscurissima,
654 3204 688 3267 in
714 3224 776 3287 qua
797 3203 895 3269 multo
915 3203 986 3289 plns
1008 3204 1096 3269 nobis
1118 3202 1229 3268 fuisset
1249 3203 1459 3287 laborandum,
1483 3207 1549 3273 nisi

389 3317 450 3402 ipsi
473 3322 544 3381 ante
566 3315 684 3399 aliquot
705 3335 801 3380 annos
824 3319 924 3379 totum
945 3314 1002 3379 hoc
1024 3313 1061 3378 de
1075 3314 1283 3380 Romanorum
1306 3315 1432 3381 coloniis
1453 3337 1548 3402 argu-

389 3442 530 3494 mentum
545 3425 801 3511 exposuissemus.
830 3426 930 3503 Quare
945 3447 1035 3512 saepe
1050 3425 1165 3491 fuimus
1181 3427 1334 3493 breviores
1349 3447 1405 3493 nec
1421 3430 1549 3496 omnino

389 3541 424 3605 in
446 3540 486 3604 iis
509 3538 610 3620 rebus,
634 3559 710 3623 quas
731 3544 812 3604 recte
834 3538 872 3603 ab
896 3537 965 3604 aliis
987 3537 1153 3624 explicatas
1176 3559 1243 3610 esse
1264 3545 1452 3625 putaremus
1473 3539 1549 3624 plus

390 3673 497 3716 sumus
512 3649 674 3715 immorati
696 3671 790 3736 quam
811 3656 847 3715 ut
869 3648 959 3735 quale
981 3650 1117 3735 quidque
1138 3655 1218 3716 11111
1230 3649 1446 3717 indicaremus.
1484 3651 1549 3716 Ve-

389 3784 460 3827 rum
480 3762 529 3828 illi
541 3763 617 3844 loeo,
640 3761 694 3847 qui
709 3763 746 3828 do
760 3760 827 3846 lege
849 3761 967 3827 curiata
983 3767 1038 3845 est,
1059 3769 1150 3847 quem
1168 3782 1224 3827 neo
1246 3762 1284 3826 ab
1299 3761 1467 3827 editoribus
1489 3783 1549 3828 nec

343 3901 345 3903 ·
389 3875 428 3939 ab
457 3873 651 3957 antiquitatis
686 3855 913 3938 enarratoribus
941 3873 1016 3938 satis
1045 3893 1111 3939 esse
1141 3872 1333 3940 illustratum
1361 3871 1547 3958 videremus,

390 3989 514 4048 tantum
534 3984 716 4067 tribuimuS,
747 3988 783 4047 ut
804 3983 954 4070 peculiari
981 4005 1052 4049 eum
1082 4005 1213 4051 excursu
1235 4004 1274 4060 ac
1293 3983 1456 4070 copiosiore
1477 4004 1548 4050 ora-

390 4094 472 4158 tione
499 4115 760 4181 persequeremur.
810 4094 901 4159 Ultra
928 4101 1033 4161 autem
1059 4094 1177 4180 digredi
1206 4102 1297 4182 atque
1326 4095 1366 4160 ad
1392 4116 1548 4180 gramma-

389 4186 467 4270 ticas
499 4206 692 4292 quaestiones
721 4205 933 4290 longioresque
959 4206 997 4271 de
1029 4207 1120 4272 rebus
1155 4207 1292 4298 antiquis
1322 4207 1549 4291 disputationes
1576 4228 1579 4234 '

390 4317 479 4400 quasi
501 4314 618 4381 deverti
645 4305 820 4383 noluimus:
849 4318 898 4382 his
920 4319 991 4384 unis
1013 4318 1202 4404 orationibus
1224 4319 1459 4405 inservivimus,
1482 4340 1548 4385 non

390 4427 545 4492 doetrinae
571 4429 726 4514 specimen
758 4429 925 4495 edidimus:
954 4451 1079 4517 eosque,
1107 4431 1163 4516 qui
1195 4432 1270 4497 haec
1297 4432 1407 4497 lecturi
1432 4439 1547 4517 essent,

390 4533 544 4604 Ciceronis
566 4541 766 4606 nobilissimis
792 4541 996 4625 orationibus,
1028 4563 1091 4607 non
1112 4543 1200 4608 nobis
1222 4563 1343 4629 operam
1366 4527 1436 4607 dare
1462 4545 1547 4626 cogi-

389 4650 533 4715 tammus.
