3550 5492
814 619 850 661 lx

249 758 323 823 olim
345 758 541 823 tribunorum
557 758 655 844 plebis
669 759 715 822 ita
729 758 893 844 proprium
903 758 1013 840 fuerat,
1023 762 1070 821 -ut
1084 759 1222 823 consules
1238 759 1294 822 hoc
1309 779 1408 822 unum
1474 841 1476 845 ι

247 871 308 937 sibi
331 869 485 955 agendum
507 876 662 956 putarent,
688 876 724 936 ut
746 891 816 936 cum
839 869 926 952 aliis,
949 875 1018 934 turn
1040 869 1112 934 huic
1141 850 1285 954 agrorum
1305 870 1408 955 publi·

248 1003 354 1048 corum
382 982 540 1067 largitioni
568 983 760 1066 resisterent,
784 1004 822 1047 ex
844 1002 904 1068 quo
926 982 961 1045 L.
985 980 1074 1046 Sulla
1101 981 1140 1045 ad
1167 981 1409 1048 dominationem

247 1115 337 1160 suam
358 1094 544 1160 firmandam
570 1094 722 1181 plurimas
750 1093 884 1160 colonias
913 1093 1042 1157 deduxit
1067 1091 1243 1178 militesque
1270 1093 1304 1157 in
1327 1094 1408 1189 agris

247 1207 381 1293 publicis
396 1207 565 1291 collocavit,
580 1229 742 1273 commune
757 1205 983 1292 quedammodo
999 1205 1116 1270 lactum
1131 1212 1198 1270 erat
1213 1205 1408 1292 popularium

248 1324 280 1383 et
301 1318 499 1404 optimatium
514 1324 607 1403 atque
629 1319 667 1383 de
688 1340 754 1383 una
773 1319 831 1383 hac
853 1339 887 1382 re
904 1317 1087 1398 certabatur,
1110 1322 1251 1382 utrarum
1272 1319 1408 1403 partium

247 1431 389 1496 homines
418 1431 468 1494 vel
498 1430 684 1496 deducerent
711 1429 760 1494 vel
790 1429 1022 1495 deducerentur.
1066 1428 1191 1494 Poterat
1214 1429 1310 1512 igitur
1330 1430 1408 1512 fieri,

247 1549 284 1608 ut
304 1543 355 1607 lex
378 1543 499 1626 agraria
513 1542 716 1628 optimatibus
731 1542 819 1607 utilis
834 1543 965 1630 ferretur
978 1539 1189 1626 tribunosque,
1204 1541 1259 1625 qui
1274 1547 1408 1606 veterem

245 1653 327 1718 hanc
349 1654 461 1737 agendi
483 1654 635 1719 rationem
656 1673 803 1718 renovare
824 1653 957 1735 uellent,
988 1673 1028 1716 ne
1050 1652 1165 1718 frustra
1186 1652 1408 1738 rempublicam

235 1765 479 1850 perturbarent,
502 1764 559 1831 hoo
581 1766 668 1851 sequi
690 1766 857 1851 oportebat.
893 1766 1005 1850 ¹Atque
1033 1765 1090 1830 hoc
1111 1764 1276 1842 consilium
1296 1763 1408 1829 Rullus

245 1876 387 1956 habebat,
410 1882 446 1941 ut
466 1883 579 1962 partes,
602 1877 716 1962 quibus
738 1877 849 1942 ciuitas
872 1876 1115 1959 distrahebatur,
1144 1876 1227 1941 inter
1252 1897 1285 1941 se
1307 1876 1406 1941 conei-

247 1988 338 2052 liaret
358 2009 415 2053 nec
436 1995 561 2054 tantum
582 1989 754 2076 populares,
778 1989 833 2074 qui
855 1989 994 2077 oppressi
1008 1994 1080 2054 ante
1103 1995 1200 2070 erant,
1221 1988 1406 2071 restitueret,

244 2121 353 2165 verum
385 2101 480 2165 etiam
509 2101 672 2188 optimates
695 2101 727 2166 in
757 2102 814 2184 iis,
847 2121 927 2186 quae
953 2101 1022 2166 sine
1044 2101 1183 2166 omnium
1211 2100 1304 2165 exitio
1329 2098 1407 2185 eripi

247 2233 310 2276 non
332 2217 467 2297 possent,
490 2218 691 2279 conservaret.
737 2213 773 2278 ld
792 2213 876 2278 'adeo
904 2234 942 2278 ex
972 2213 1030 2278 hac
1057 2213 1124 2296 lege
1155 2213 1275 2296 agraria
1302 2218 1411 2299 aperte·

244 2322 441 2407 intelligitur,
463 2326 546 2410 quod
560 2325 614 2410 qui
628 2324 757 2417 tenebit,
780 2345 841 2391 non
863 2324 955 2390 modo
975 2347 1023 2390 res
1037 2325 1203 2408 Romanas,
1225 2324 1331 2410 quales
1352 2323 1407 2389 illo

241 2442 383 2520 tempore
405 2438 536 2520 fuerint,
559 2437 674 2502 rectius
694 2437 869 2524 perspiciet,
891 2459 1000 2503 verum
1022 2438 1116 2502 etiam
1132 2437 1238 2502 Cicero
1258 2457 1319 2521 qua
1340 2441 1406 2502 arte

246 2547 444 2633 popularium
471 2550 574 2616 studia
601 2549 730 2616 eluserit
750 2550 869 2616 videbit
891 2550 1159 2636 eloquentiamque
1188 2549 1255 2614 eius
1283 2568 1406 2613 summa

243 2659 447 2724 admiratione
470 2663 592 2728 afficiet.

254 2807 260 2817 ·
331 2770 472 2835 Primum
495 2780 600 2838 autem
621 2772 715 2838 huius
736 2771 815 2856 legis
835 2778 930 2859 caput
955 2772 1018 2838 fuit
1039 2773 1076 2838 de
1104 2773 1237 2839 comitiis
1259 2772 1402 2854 Xvirum,

244 2889 283 2947 nt
304 2883 327 2945 ii
350 2903 413 2947 non
435 2883 524 2948 solito
546 2904 631 2947 more
652 2884 786 2948 comitiis
808 2884 944 2966 tributis,
967 2885 1022 2949 sed
1042 2907 1096 2970 per
1117 2883 1326 2969 septendecim
1346 2883 1403 2948 tri·

243 2995 303 3058 bus
324 2999 405 3060 sorte
423 2993 536 3060 'ductas
557 2996 676 3061 fierent.
713 2995 750 3059 Id
763 3016 879 3061 novum
900 3016 1026 3083 prorsus
1048 3001 1115 3061 erat
1135 2979 1347 3080 necunquam
1368 2994 1403 3059 in

243 3106 314 3171 aliis
330 3107 564 3190 magistratibus
578 3115 774 3194 usurpatum,
797 3109 853 3173 sed
875 3108 995 3175 duabus
1017 3109 1055 3174 de
1077 3108 1178 3173 causis
1200 3106 1403 3172 videturesse

242 3219 458 3302 excogitatum.
503 3220 550 3284 Ex
578 3220 618 3286 iis
639 3221 722 3306 prior
750 3221 789 3285 ad
811 3222 964 3287 ambitum
986 3221 1156 3287 tollendum
1183 3219 1326 3306 pertinet,
1347 3219 1402 3304 qui

239 3331 347 3395 omnia
375 3329 429 3396 illo
457 3331 523 3417 ipso
551 3337 687 3418 ternpore
715 3333 933 3418 permiscebat,
963 3339 999 3399 ut
1020 3353 1118 3398 novae
1146 3331 1183 3397 de
1206 3351 1241 3396 eo
1262 3332 1345 3415 leges
1367 3351 1403 3396 ac

242 3440 331 3524 longe
353 3442 509 3508 veteribus
531 3444 697 3510 severiores
711 3445 873 3509 ferrentur.
912 3445 977 3522 Quo
998 3445 1033 3510 in
1055 3465 1165 3529 genere
1180 3443 1286 3527 magni
1307 3442 1398 3507 facie-

242 3573 313 3616 mus
334 3553 419 3618 Rulli
446 3554 613 3639 iudicium,
642 3557 696 3641 qui
725 3556 872 3641 quamdin
902 3557 1027 3623 omnino
1053 3563 1157 3622 vetera
1185 3555 1309 3622 comitia
1330 3574 1402 3619 con·

242 3670 370 3747 starent,
392 3666 459 3730 tolli
482 3687 554 3732 eum
575 3688 636 3734 nou
660 3688 747 3753 posse
769 3689 890 3754 queque
911 3664 1042 3734 maiores
1062 3689 1177 3754 poenae
1200 3666 1401 3742 sancirentur,

244 3795 281 3840 eo
303 3775 498 3842 occultiorem
520 3800 555 3843 ac
579 3779 828 3865 perniciosiorem
849 3781 916 3845 fieri
937 3779 1140 3867 perspexerit:
1165 3777 1219 3862 qui
1240 3779 1267 3842 si
1289 3777 1323 3840 in
1346 3797 1402 3842 an·

242 3886 316 3950 nuis
331 3887 564 3970 magistratibus
579 3890 719 3956 creandis
733 3888 888 3976 prohiberi
902 3913 964 3957 non
976 3897 1104 3977 poterat,
1117 3894 1231 3974 quanto
1245 3888 1401 3954 molestior
1449 3961 1452 3967 ,

241 3998 366 4063 futurus
376 4004 455 4063 -erat
469 4000 503 4064 in
518 4002 557 4067 iis
571 3985 731 4085 faciendis,
747 4003 802 4086 qui
816 4024 870 4089 per
884 4002 1133 4088 quinquennium
1148 4001 1294 4067 maximis
1309 4001 1400 4067 rebus

242 4115 347 4174 essent
368 4110 560 4196 praefuturi?
592 4115 706 4191 Quodsi
729 4120 809 4179 sorte
830 4136 902 4200 pars
924 4113 1030 4200 populi
1057 4113 1219 4179 duceretur
1240 4113 1329 4198 eique
1351 4133 1401 4178 co-

240 4221 333 4286 mitia
354 4220 510 4306 darentur,
526 4225 679 4292 ambitum
690 4226 841 4291 incertum
861 4232 954 4310 atque
968 4225 1141 4290 invalidum
1156 4227 1219 4290 fore
1234 4225 1401 4310 apparebat

240 4332 485 4418 admonebatque
507 4335 546 4399 ad
568 4357 636 4402 eam
663 4337 813 4402 rationem
836 4337 1004 4402 ineundam
1029 4337 1184 4423 pontilicis
1205 4335 1334 4400 maximi
1357 4335 1399 4401 si-

240 4443 394 4528 militudo,
417 4447 471 4531 qui
486 4446 644 4531 religionis
658 4469 760 4531 causa,
779 4449 854 4534 quia
875 4470 894 4513 a
915 4450 1026 4536 populo
1041 4471 1113 4514 eum
1127 4448 1194 4513 fieri
1216 4449 1301 4512 nefas
1323 4453 1399 4529 erat,

240 4563 368 4642 aparte
389 4559 495 4644 populi
517 4558 687 4624 creabatur.
724 4560 790 4638 Quo
812 4560 845 4625 in
862 4561 1002 4647 exemplo
1024 4562 1051 4625 si
1064 4580 1212 4644 magnum
1235 4563 1301 4623 erat
1317 4557 1398 4642 peri-

240 4669 356 4753 eulum,
379 4690 420 4735 ne
439 4671 566 4738 omnino
587 4672 782 4739 comitiorum
803 4678 938 4759 potestas
959 4674 1161 4754 minueretur,
1187 4669 1399 4756 vituperarent
