3550 5492
690 590 928 656 -158-

230 740 415 809 crediderint
444 766 565 813 neeesee
586 758 650 831 est,
677 749 735 816 hac
764 752 832 836 lege
853 752 987 835 agruim
1015 767 1095 834 quae
1119 747 1320 834 p1⁰multl²i⁸
1338 748 1381 830 Sil

229 843 325 909 eclimi
348 847 493 915 Sullanos
513 872 602 935 agros
624 854 772 940 vobisque
793 856 893 921 dividi
919 862 976 921 aut
1001 853 1134 937 deniqne
1161 853 1268 917 minui
1288 852 1382 939 prive-

229 954 331 1015 torum
353 955 577 1039 postmiones.
599 964 636 1024 ut
658 958 692 1024 in
713 980 766 1025 ees
787 979 842 1026 voe
867 956 1073 1025 deducamini.
1118 955 1155 1020 Si
1177 956 1309 1023 ostendo
1328 975 1382 1022 uon

228 1052 317 1117 ululo
340 1074 401 1121 nen
429 1057 526 1125 adimi
554 1062 700 1147 cuiquem
727 1061 850 1147 glebam
878 1061 917 1127 de
937 1059 1075 1127 Sullanis
1095 1059 1196 1143 agris,
1220 1058 1383 1125 sedetiam

227 1172 325 1233 grune
347 1155 379 1221 ld
401 1178 548 1243 egnuum
575 1170 658 1229 certe
685 1165 787 1250 capite
812 1164 890 1249 legis
917 1161 1186 1250 impudentissime
1214 1162 1383 1229 confirmari

225 1264 319 1341 atem
339 1260 471 1327 sanein·
493 1264 521 1327 si
544 1264 637 1331 doceo
658 1268 741 1352 egris
765 1269 815 1353 iis,
838 1269 893 1355 qui
915 1267 1036 1335 aSnlla
1056 1273 1133 1333 sunt
1153 1266 1232 1350 dati,
1255 1266 1302 1333 sic
1322 1266 1383 1333 dili·

227 1374 334 1439 §nter
355 1360 483 1429 Rullum
505 1385 564 1431 sua
585 1367 653 1451 lege
675 1370 844 1456 consulere,
867 1378 905 1438 ut
924 1370 1013 1437 facile
1033 1374 1181 1456 appareat
1201 1390 1274 1435 eam
1294 1368 1381 1455 legen

226 1478 286 1525 nu
309 1482 327 1525 e
351 1474 526 1532 uestrorum
541 1472 774 1540 commodomm
796 1481 935 1561 patrono,
957 1475 1011 1541 sed
1032 1473 1168 1556 aValgii
1191 1494 1306 1558 genero
1327 1493 1380 1539 esre
1419 1534 1422 1541 .

223 1564 449 1649 vane-uptam:
472 1571 629 1657 numquid
651 1581 835 1661 satcenses,
858 1579 935 1665 quin
957 1577 1012 1644 illa
1032 1576 1260 1671 crim'pratione,
1276 1576 1380 1662 quain

224 1682 285 1733 ure.
297 1664 461 1734 amentem
482 1691 559 1738 usus
591 1680 656 1759 est,
687 1699 750 1745 non
778 1679 880 1747 solum
901 1700 1018 1761 meam,
1046 1678 1101 1743 sed
1128 1677 1226 1743 etiam
1256 1684 1378 1743 vestan

223 1762 420 1847 dilimantlam
442 1772 707 1865 prudentiamque
727 1780 921 1869 despexerit?

177 1866 212 1926 il
309 1868 413 1956 t‘uput
435 1880 484 1940 est
504 1876 584 1962 legis
607 1883 894 1969 quadragesimum,
916 1883 955 1949 de
975 1903 1036 1969 quo
1057 1904 1112 1966 ego
1133 1881 1292 1966 consulto,
1314 1881 1377 1960 Qni-

223 1966 309 2051 rins
332 1992 434 2059 utque
456 1979 541 2064 apud
563 2003 617 2049 vos
639 1992 711 2052 ante
733 1988 790 2052 ieci
812 1988 1011 2070 mentionem,
1032 2007 1072 2051 ne
1093 1992 1149 2051 aut
1169 1985 1314 2051 refricare
1333 1984 1376 2051 olr
1411 1986 1423 2091 j

1419 2096 1423 2127 l

308 2181 452 2232 »musaea
466 2193 505 2240 ert,
519 2193 597 2235 adimi.

223 2326 328 2385 redires
346 2332 446 2396 hebent
462 2349 600 2403 commodis
617 2352 719 2416 vestie,
736 2366 769 2404 ex
786 2365 826 2414 eo,
844 2348 913 2419 qnod
930 2348 998 2403 infra
1014 2347 1109 2416 legitur
1128 2364 1147 2400 c
1162 2353 1308 2401 necem
1322 2362 1376 2400 coe
1417 2382 1421 2397 .

225 2412 362 2472 suctores
377 2433 501 2496 meone,
519 2434 622 2488 videtur
639 2436 765 2490 extitisse.
791 2434 871 2489 Cuius
888 2437 976 2488 tamen
993 2434 1044 2487 loci
1060 2433 1164 2487 diversa
1180 2436 1222 2487 est
1239 2434 1313 2487 ratio.
1332 2431 1376 2485 lllie
1415 2400 1422 2499 i

226 2496 337 2565 plurrlle
356 2508 489 2577 significat
504 2520 636 2574 tribunum
654 2536 743 2574 omnes
754 2519 838 2589 plebia
854 2520 968 2573 rationes
980 2515 1117 2572 defendere
1133 2515 1236 2581 debere,
1252 2517 1296 2571 hie
1311 2529 1376 2570 noun
1413 2510 1422 2587 l

225 2588 424 2648 conmodorum
443 2613 534 2668 genus,
551 2606 620 2673 quod
637 2606 664 2659 iu
681 2605 752 2673 agris
770 2603 927 2673 accipiendis
945 2603 1022 2657 eitum
1033 2605 1081 2666 eet,
1097 2599 1267 2669 significatur.
1284 2630 1317 2643 ·-
1328 2609 1376 2672 pte
1413 2632 1422 2667 s

227 2668 347 2738 ”mitola
371 2681 414 2736 ot.
458 2688 559 2745 lnufifis
585 2696 626 2746 est
648 2693 679 2747 ll.
697 2692 793 2745 Klotzii
818 2690 963 2745 coniectura
984 2689 1152 2759 emulgere
1178 2695 1219 2742 eet
1242 2688 1375 2751 scribente
1412 2700 1422 2757 p

227 2755 321 2821 vpuidni
339 2767 407 2822 enim
426 2774 562 2831 relativam
579 2781 733 2833 sententiam
750 2783 779 2833 ut
796 2778 957 2832 subiunctam
967 2775 1093 2841 infinitivo
1110 2776 1277 2844 pronuntiet?
1299 2775 1375 2841 Quen
1412 2794 1422 2840 s

229 2854 309 2909 qnam
326 2848 389 2907 ferri
412 2863 501 2927 potest
523 2864 601 2917 etiam
622 2864 786 2918 indicativus.
809 2890 843 2901 -
864 2868 934 2916 certo
958 2861 1044 2930 eapite
1066 2859 1137 2928 legin
1178 2858 1238 2913 Non
1255 2861 1320 2915 tella
1334 2858 1377 2913 ml
1412 2888 1421 2923 v

229 2922 308 2985 llulle
327 2932 448 2998 Sullanos
466 2962 542 3015 agrm
559 2963 598 3013 eo,
617 2948 685 3016 quod
702 2948 805 3017 proprie
823 2946 856 3000 ad
874 2946 952 3001 aliam
969 2960 1023 2999 rem
1034 2945 1181 3014 pertineret,
1198 2946 1285 3014 eapite
1300 2941 1376 2998 one
1413 2972 1421 3008 ῃ

229 3026 311 3084 mm,
329 3026 375 3079 sed
392 3033 521 3099 peculiare
538 3036 571 3090 ad
588 3052 646 3089 eam
663 3051 718 3090 rem
736 3040 814 3105 eaput
827 3035 900 3102 legis,
918 3034 1037 3091 nimirum
1053 3033 1139 3102 ipsum
1156 3032 1377 3102 quaungeeimva
1415 3060 1421 3096 v

230 3096 263 3153 ¹¹0
281 3120 333 3174 (luo
351 3112 466 3173 dicturus
477 3125 525 3186 est,
542 3122 644 3176 adesit
672 3121 838 3191 Imprudentia
855 3124 941 3175 auum
958 3119 1126 3175 confirmandi
1142 3133 1174 3173 eo
1191 3110 1377 3186 reforment
1415 3155 1421 3166 -

230 3187 339 3248 meliore
358 3201 422 3256 adeo
439 3204 494 3258 iure
512 3207 567 3274 agri
584 3205 684 3260 Sullani
701 3222 758 3260 esse
780 3206 935 3259 iubebantur
957 3219 1033 3273 quam
1055 3206 1130 3257 erant
1150 3202 1244 3271 reliqui
1266 3202 1324 3271 agri
1338 3197 1377 3269 μή·
1417 3230 1421 3253 ι

231 3274 294 3329 vati.
331 3280 369 3335 Gt.
387 3286 455 3339 infra
471 3290 486 3353 ξ
503 3288 528 3342 8.
546 3310 581 3327 -ι-
603 3288 686 3358 Valgi.
725 3290 831 3358 Ignotus
852 3289 930 3344 homo
950 3292 990 3343 eet
1005 3289 1141 3357 ipsumque
1163 3287 1220 3341 eine
1243 3301 1337 3351 nomen
1348 3285 1377 3338 in·
1419 3314 1421 3339 l

231 3363 340 3419 eorllud·
374 3370 441 3424 Nam
459 3373 560 3428 codices
578 3389 666 3428 omnes
682 3375 780 3429 habeut
795 3374 878 3444 Valpa]
896 3374 964 3445 qnod
981 3389 1074 3428 nomen
1090 3374 1207 3443 ignotum
1224 3376 1274 3429 est
1300 3373 1379 3427 nmen

231 3440 306 3500 davit
322 3450 548 3524 Iuntinneyeditor.
575 3458 737 3528 Quantopere
755 3462 841 3513 autem
859 3458 949 3513 (licere
961 3459 1090 3513 hominem
1101 3457 1257 3527 despexerit,
1274 3458 1317 3513 vel
1332 3458 1379 3511 hine

197 3526 217 3557 '
231 3529 358 3605 videmus,
375 3542 443 3613 quod
460 3559 492 3597 ne
508 3560 663 3613 praenomen
680 3545 782 3615 quidem
795 3545 897 3600 adiecit.
913 3573 948 3584 -
964 3546 1029 3614 quta
1045 3573 1078 3583 -
1096 3545 1244 3615 depereo
1259 3545 1278 3599 i.
1290 3560 1314 3599 a
1331 3542 1380 3613 quir

231 3613 384 3689 despexisse
399 3629 526 3684 videatur.
552 3630 716 3701 Negligentia
733 3632 858 3701 quaedam
870 3631 972 3686 dicendi
989 3636 1043 3696 eet,
1059 3632 1132 3685 cuius
1149 3630 1247 3685 cimilia
1269 3627 1382 3686 nonnulla
1401 3630 1406 3642 '

232 3712 353 3780 exempla
370 3715 472 3786 collegit
489 3717 601 3787 iladvig.
620 3717 653 3771 ad
670 3717 724 3772 Cic.
742 3718 774 3772 de
790 3718 835 3773 rin.
852 3718 873 3782 Ι,
890 3718 916 3783 5,
935 3719 975 3772 14.
1010 3717 1052 3771 Ad
1070 3734 1101 3771 ea
1117 3732 1184 3787 quae
1201 3721 1264 3771 eunt
1281 3724 1382 3773 aereae

232 3787 396 3863 diripentium
409 3803 627 3871 prudentiamque
644 3803 678 3857 el.
696 3807 761 3857 orat.
778 3803 818 3868 11,
839 3805 881 3869 10,
899 3803 946 3859 252
977 3800 1104 3855 Viderunt
1123 3809 1149 3856 et
1169 3802 1274 3868 videat,
1300 3804 1326 3857 ei
1343 3813 1382 3872 ptr

232 3872 436 3945 imprudentiam
452 3895 573 3952 vennam,
590 3889 773 3962 negligentiam
788 3906 872 3945 mecm
889 3890 969 3959 legem
985 3889 1144 3957 insepultam
1160 3890 1326 3959 necemus.

321 3969 346 4022 4.
364 3971 395 4023 de
413 3981 463 4038 pue
480 3988 526 4040 epo
544 3975 593 4025 eet.
624 3972 708 4027 llinus
725 3989 785 4026 rere
802 3975 834 4028 de
851 3975 972 4029 hocloco
989 3974 1090 4028 videtur
1106 3975 1236 4031 iudicasse
1255 3975 1313 4031 Nic.
1324 3971 1385 4029 tral-

233 4045 287 4116 Vig.
305 4052 332 4107 in
350 4070 460 4110 excursu
477 4055 511 4109 ad
528 4056 581 4112 Cic.
599 4058 631 4112 de
647 4058 691 4113 fin.
708 4058 749 4123 Il,
766 4058 797 4124 8,
814 4059 848 4115 25
865 4075 893 4128 p.
910 4058 971 4122 818,
988 4059 1036 4112 etsi
1051 4058 1102 4113 lroc
1122 4063 1193 4113 recte
1209 4059 1339 4113 intellexit
1353 4074 1386 4113 er·

233 4144 292 4186 rare
310 4153 364 4203 ece,
381 4140 404 4192 ei
421 4141 465 4208 qni
481 4141 547 4194 illud
563 4143 632 4211 qnod
648 4147 689 4197 est
705 4160 786 4213 oeque
807 4145 881 4214 apud
895 4161 941 4197 ceo
957 4136 1116 4213 explicarent
1136 4160 1169 4199 ce
1186 4145 1261 4214 apud
1275 4162 1323 4199 ece
1338 4144 1387 4214 pel·

234 4214 300 4275 decr.
335 4223 383 4278 list
399 4227 484 4278 antem
501 4229 593 4293 oratio,
611 4233 640 4282 ut
657 4245 724 4284 nunc
741 4227 845 4299 quidem
862 4227 965 4297 legitur,
983 4228 1105 4296 bipertita
1119 4226 1282 4298 efficiturque
1299 4229 1389 4299 duplex

233 4309 341 4369 partitio
358 4311 492 4379 particrdis
509 4328 590 4382 aeque
608 4343 641 4354 -
658 4332 739 4384 oeque
751 4331 820 4379 vero,
838 4328 912 4382 quas,
929 4313 973 4367 ubi
990 4313 1115 4375 erationis
1127 4313 1230 4382 pondua
1246 4315 1274 4367 iu
1287 4314 1389 4369 alteram

234 4396 336 4454 partem
353 4396 466 4462 inclinet,
484 4411 666 4470 nonnunquam
684 4401 800 4456 adhiberi
817 4401 905 4456 docuit
921 4399 1032 4469 iladvig.
1051 4400 1145 4470 Opuec.
1163 4400 1245 4457 nean
1262 4401 1275 4454 l
1292 4419 1320 4471 p.
1334 4401 1391 4457 406.

235 4471 290 4531 Sed
307 4481 370 4535 haec
387 4484 491 4552 partitio
508 4483 645 4554 dupliciter
662 4490 812 4557 perturbata
828 4491 876 4542 eet
911 4486 1025 4541 Primum
1041 4488 1110 4541 enim
1128 4492 1265 4558 antequam
1282 4489 1392 4543 institui·

235 4561 291 4628 tur,
313 4568 453 4625 collocatur
471 4573 600 4638 centallo,
626 4573 695 4643 qnod
718 4575 757 4628 its
777 4589 811 4627 ex
833 4574 955 4626 consumto
977 4585 1048 4625 more
1070 4571 1171 4627 dicendi
1189 4588 1242 4626 non
1264 4573 1393 4629 modoad

236 4649 363 4723 priorem,
388 4657 530 4712 sedetiam
552 4659 585 4713 ad
607 4659 713 4715 alteram
734 4663 834 4730 partem
856 4656 952 4715 reterri·
968 4657 1103 4726 oportebit
1147 4659 1302 4715 Verum-ad
1324 4663 1395 4719 illam
