3550 5492
811 634 901 685 mv

468 769 646 838 Alpermittit
665 771 775 826 rendere
792 787 832 836 ee,
850 772 987 841 dequibus
1008 785 1076 827 auus
1092 768 1126 824 81
1144 771 1171 823 et
1186 771 1276 837 postea
1293 785 1313 823 s.
1328 785 1349 823 e.
1366 770 1435 823 taeta

520 863 650 932 sunteas
667 865 757 920 Datur
773 867 907 938 iqitur-
924 867 991 932 887.

464 959 497 1026 Β)
515 960 587 1014 iubet
597 959 708 1015 rendere
719 976 759 1025 ee,
776 978 842 1031 qnae
858 966 933 1016 extra
943 961 1044 1015 ltaliam
1056 963 1117 1029 pest
1134 976 1192 1013 ann.
1208 959 1241 1013 88
1251 961 1355 1027 publica
1373 975 1433 1029 pop.

515 1054 624 1108 Rcmmi
641 1054 711 1109 iacta
728 1059 789 1111 sunt
806 1056 867 1122 §38
884 1083 920 1114 -τ
937 1056 1005 1121 846.

505 1148 525 1201 1.
554 1149 602 1202 hcc
624 1151 708 1218 capite
731 1166 819 1204 omnes
843 1155 934 1221 gentes
957 1149 1139 1220 comprehendi
1156 1150 1215 1216 839
1232 1149 1350 1203 Primum
1368 1150 1433 1202 enim

551 1243 599 1296 tec
616 1261 713 1312 quaero
730 1272 763 1283 -
781 1245 850 1310 844.

506 1335 538 1390 ll.
558 1353 637 1407 grave
653 1339 681 1392 id
699 1355 756 1394 esse
774 1341 852 1394 suciis
869 1343 896 1395 et
914 1341 1017 1394 omnino
1034 1341 1140 1394 nimium
1152 1338 1209 1404 845
1228 1366 1260 1375 -
1280 1340 1348 1403 846.

465 1429 495 1493 C)
516 1434 643 1500 permittit
660 1435 730 1488 etin
747 1433 824 1488 Italis
840 1437 867 1488 et
884 1438 959 1488 extra
976 1433 1074 1488 ltaliam
1096 1433 1232 1502 vectigalis
1249 1449 1315 1502 quae
1332 1449 1434 1487 enume·

515 1530 605 1582 rentur
622 1528 733 1582 vendere
751 1530 812 1594 §47
830 1557 864 1569 ·-
882 1529 944 1594 §55
957 1529 1122 1598 potissimum
1140 1528 1291 1597 vocitarent.

550 1624 700 1676 nominatim
719 1623 751 1676 de
768 1625 842 1677 novis
855 1623 1026 1692 vectigalibus
1042 1623 1074 1675 ab
1088 1622 1132 1675 Cn.
1146 1621 1267 1691 Pompeio
1286 1623 1367 1690 partis
1377 1623 1391 1687 §
1401 1621 1434 1675 52

589 1715 681 1771 Verum
699 1719 767 1772 inter
785 1718 829 1771 los
847 1747 881 1756 -
900 1718 961 1782 855
975 1718 1139 1787 potissimum
1156 1717 1307 1785 copitarcnt.

462 1810 496 1875 D)
512 1811 638 1881 permittit
656 1810 765 1865 vendere
787 1811 981 1881 quibuscunque
1004 1813 1031 1864 in
1051 1811 1116 1865 loeis
1134 1811 1252 1865 videatur
1269 1809 1328 1876 §55
1347 1808 1432 1877 Atque

514 1907 543 1957 in
561 1906 677 1960 crnnibue
694 1935 728 1946 -
745 1907 810 1972 856,
824 1915 886 1961 teste
902 1907 1020 1961 vendent.

463 1998 495 2064 E)
516 2001 642 2068 permittit
659 2005 685 2055 et
701 2003 729 2054 in
740 2001 816 2077 ltalia
832 2006 860 2055 st
876 2005 950 2055 extra
966 2001 1068 2054 ltaliam
1080 2001 1170 2054 Xviris
1187 2001 1359 2070 cognitionem
1376 2000 1436 2070 agri

514 2095 612 2163 publici
638 2100 664 2148 et
687 2097 782 2164 privati
799 2096 953 2165 publiceque
975 2096 1085 2166 vectigsl
1106 2097 1217 2166 imponit
1233 2095 1290 2161 856
1309 2094 1435 2163 Sequitur

515 2207 600 2244 cemes
617 2218 651 2229 -
668 2191 728 2255 §57
741 2183 853 2260 publicu
868 2190 988 2245 liberare.

550 2284 723 2354 Exceptiones
741 2285 806 2338 (luae

397 2402 399 2406 ·
504 2379 526 2432 Ι.
555 2379 610 2447 agri
627 2380 736 2433 censorii
753 2379 857 2435 Siciliae
874 2379 935 2445 857
952 2378 1096 2451 Euelpitur
1113 2408 1147 2420 —
1162 2383 1226 2434 extr.

506 2473 540 2526 Il.
558 2475 626 2544 regis
643 2475 798 2544 Hiempsalis
816 2475 876 2540 §58
893 2503 927 2514 -
945 2474 1005 2540 §59
1023 2474 1083 2529 bene
1101 2475 1250 2545 capillatae.

414 2604 416 2607 -
462 2567 495 2634 p)
514 2569 588 2622 iubet
603 2568 727 2638 praedam
747 2569 932 2637 imperatorum
950 2569 983 2622 ad
1000 2567 1097 2623 Xuiros
1119 2568 1212 2622 deferri
1228 2567 1288 2633 §59
1311 2564 1360 2620 Vix
1378 2567 1431 2644 ium

514 2664 618 2716 videtur
634 2692 668 2701 -
686 2666 751 2716 extr.

409 2823 411 2825 Ι
550 2757 675 2826 Exceptio
694 2757 726 2810 de
744 2756 790 2811 (ln.
808 2757 932 2826 Pompeio
949 2758 1009 2822 860
1026 2784 1060 2795 -
1078 2757 1135 2822 868
1149 2763 1230 2826 putat
1246 2764 1372 2826 oportere.

429 2851 453 2904 2.
472 2851 504 2902 de
523 2863 585 2918 agro
603 2851 711 2904 emendo
729 2851 792 2915 868
809 2850 896 2904 Parta
912 2851 949 2903 sit
960 2851 1076 2920 pecunia
1092 2877 1127 2889 -
1144 2850 1213 2915 878.

463 2945 499 3009 Α)
516 2945 620 2997 nimiam
643 2948 798 3014 potestatem
815 2944 906 2997 Xuiris
924 2944 1038 3012 permitti
1055 2945 1116 3009 §64
1137 2941 1221 2997 Unuca
1243 2943 1376 2997 bcccerte
1393 2943 1432 2995 vi·

514 3040 578 3093 decr
594 3065 629 3078 -
645 3039 707 3104 865
725 3056 778 3093 esse
796 3040 926 3093 videatur.

461 3135 494 3200 B)
515 3136 566 3188 emi
589 3151 678 3206 agrum
701 3137 790 3188 contra
811 3149 907 3188 mcrem
931 3135 1055 3187 maiorum
1072 3133 1132 3198 865
1151 3132 1204 3186 Hic
1227 3151 1272 3202 epo
1296 3135 1349 3186 iam
1367 3133 1434 3186 illud

511 3259 546 3269 -
563 3234 628 3284 extr.

461 3324 492 3390 O)
514 3325 672 3379 definiendus
690 3325 770 3379 fnisse
788 3341 863 3396 agros
881 3326 941 3391 866
959 3353 993 3362 -
1011 3325 1079 3390 §tu

538 3422 564 3484 a)
582 3423 650 3473 certe
668 3423 786 3474 naturam
805 3421 860 3489 agri
877 3420 957 3474 tuisse
975 3419 1144 3473 deliniendam
1162 3419 1231 3484 867.

541 3517 568 3580 b)
587 3531 663 3585 agros
681 3515 800 3570 Sullanos
818 3519 931 3584 emptum
948 3516 980 3568 iri
992 3515 1050 3579 868
1067 3542 1101 3553 -
1119 3513 1180 3579 870
1196 3512 1268 3567 cobis
1285 3513 1428 3566 inducetur.

539 3612 563 3674 c)
582 3625 658 3679 agros
676 3609 827 3678 pestilentes
839 3591 953 3686 emptum
964 3610 996 3662 iri
1013 3611 1027 3674 §
1039 3607 1074 3662 70
1086 3608 1205 3662 Alterum
1215 3623 1296 3676 penne
1308 3622 1430 3675 aprorum

584 3732 618 3743 -—
636 3704 693 3769 §71
713 3703 792 3758 Rullo
809 3706 874 3758 duce
891 3706 1022 3759 collocari.
1041 3764 1044 3769 ¹

538 3800 565 3864 d)
582 3815 712 3854 remancre
735 3801 871 3868 pecuniam
889 3799 959 3869 apud
975 3797 1071 3852 Xuiros
1089 3797 1148 3862 §71
1167 3794 1205 3849 At
1222 3795 1295 3851 dicct
1311 3821 1344 3834 -
1361 3795 1429 3860 878.

427 3895 452 3947 e.
471 3893 503 3947 n
521 3895 619 3948 conns
637 3876 793 3948 deducentis
811 3894 871 3957 sce
889 3921 923 3932 -
941 3892 1009 3957 scs.
1472 3896 1476 3900 ·

459 3988 498 4052 A)
515 3987 673 4042 definiendas
690 3988 771 4043 fnisse
789 3988 905 4042 colonias
922 3985 983 4051 §73
1000 4013 1034 4024 —
1052 3986 1118 4050 874.

461 4081 494 4146 Β)
515 4099 583 4136 nunc
601 4085 680 4136 everti
697 4084 844 4137 libertatem
860 4097 922 4150 pop.
940 4074 1050 4134 Romani
1067 4078 1135 4145 §75.

426 4178 452 4230 4.
470 4176 502 4230 de
519 4177 621 4231 colonia
637 4177 752 4247 Capuam
770 4175 921 4230 deducenda
938 4176 998 4240 §76
1016 4201 1048 4240 -ε
1067 4174 1135 4239 897.

460 4270 494 4335 A)
512 4271 544 4324 de
562 4271 695 4326 commodo
714 4271 804 4341 populi
820 4272 895 4324 Rom.
914 4271 972 4334 §76
990 4269 1033 4326 De
1051 4267 1179 4322 commodo
1198 4297 1231 4308 -
1249 4267 1320 4337 885.

539 4367 564 4431 a)
582 4366 646 4420 nihil
663 4370 825 4434 accepturam
841 4364 944 4434 plebem
961 4364 1021 4430 876
1039 4392 1072 4402 -
1087 4361 1105 4430 ’8
1114 4365 1155 4428 79,

574 4460 597 4514 1.
615 4459 685 4530 quod
701 4459 824 4529 oppidum
842 4460 927 4528 ipsum
946 4458 1056 4528 quinque
1074 4459 1146 4512 milia
1165 4459 1296 4513 hominnm
1315 4473 1366 4512 non
1384 4475 1425 4512 cu·

615 4555 671 4624 pict
688 4553 748 4622 §76
769 4552 811 4608 Ac
823 4554 940 4626 primum
958 4553 989 4608 cte
1007 4555 1101 4625 oppido
1119 4582 1153 4592 -
1171 4555 1239 4619 877.

572 4650 684 4722 equor
702 4636 793 4721 agrum
808 4651 860 4722 un
877 4650 957 4705 xvue
971 4651 1116 4720 presure
1132 4650 1185 4704 sint
1201 4648 1262 4716 scs
1277 4677 1312 4689 -
1330 4649 1395 4718 sce.
