3550 5492
771 458 1005 522 -1'13-

308 645 371 689 non
394 621 508 708 oppida
521 621 638 702 Italiae,
661 620 714 684 scd
735 620 964 706 propugnacula
983 620 1107 706 imperii
1128 619 1313 685 viderentur.
1347 617 1391 681 Hi
1413 616 1466 680 de-

308 727 426 791 ducent
453 724 586 791 colonias
608 729 641 788 ia
664 748 715 788 cos
738 748 848 807 apros,
870 748 947 808 quos
969 728 1106 788 emerint.
1148 723 1292 787 Etiamne
1313 720 1341 786 si
1362 721 1466 805 reipu-

307 829 410 894 blicae
433 848 497 895 non
518 825 681 913 expediat?
704 839 733 891 et
753 831 786 890 ia
808 849 887 911 quae
909 827 978 890 loca
993 837 1160 910 praetcrea
1181 826 1342 888 eiciebitar.
1386 822 1467 900 Quid
1475 833 1509 886 74

306 934 407 1019 igitur
429 940 479 999 est
500 953 621 1013 causae,
644 932 722 1016 quin
742 931 893 996 coloniam
915 930 950 992 in
971 928 1144 993 Ianiculum
1172 926 1291 1012 possint
1319 924 1467 989 deducere

306 1043 339 1102 et
369 1058 465 1103 suum
493 1036 681 1123 praesidium
707 1035 742 1098 in
763 1034 862 1118 capite
891 1041 983 1118 atque
1011 1033 1180 1098 cervicibus
1207 1030 1321 1095 nostris
1348 1029 1468 1115 possint

307 1140 478 1207 collocare?
516 1141 565 1207 Tu
588 1161 649 1205 non
672 1138 802 1202 definias
824 1144 900 1221 quot
913 1137 1056 1220 colonias,
1079 1138 1112 1200 in
1128 1156 1207 1221 quae
1228 1133 1303 1215 loce,
1326 1154 1387 1216 quo
1407 1153 1467 1197 nu-

307 1266 395 1310 mero
418 1245 594 1309 colonorum
617 1241 726 1306 deduci
748 1239 846 1306 velis?
872 1246 908 1304 tu
936 1238 1187 1324 occupes'locum
1209 1256 1300 1320 quem
1321 1232 1469 1298 idoneum

308 1346 350 1411 ed
372 1345 439 1411 vim
461 1352 549 1410 tuam
576 1342 739 1423 iudicarisr,
762 1341 914 1426 compleas
944 1340 1088 1424 numero,
1116 1341 1276 1406 confirmes
1305 1337 1467 1423 praesidio,

309 1469 371 1534 quo
394 1448 483 1530 velis,
505 1446 611 1533 populi
622 1445 753 1510 Romani
767 1443 968 1527 vectigalibus
984 1449 1076 1528 atque
1096 1443 1240 1508 omnibus
1256 1440 1351 1525 copiis
1364 1440 1469 1524 ipsum

309 1549 463 1637 populum
473 1549 648 1614 Romanum
664 1567 809 1629 coerceas,
832 1546 996 1631 opprimas,
1012 1546 1132 1632 redigas
1153 1547 1187 1610 in
1201 1546 1295 1611 istem
1309 1544 1468 1610 Xviralem

398 1731 432 1773 id.
444 1731 523 1773 meis
537 1730 649 1770 armare.
662 1747 692 1770 -.
701 1738 742 1778 qao
755 1729 856 1768 celerias
941 1699 949 1721 '⁸

310 1876 405 1941 locum,
422 1876 450 1929 in
468 1874 587 1929 omnibus
605 1874 736 1927 codicibus
754 1873 884 1938 vitiosum,
902 1872 1229 1937 emendaritLauredanus,
1247 1886 1322 1941 quem
1339 1872 1390 1925 nisi
1401 1870 1469 1941 quod

312 1963 450 2017 rehtirum
469 1962 545 2015 aliter
562 1960 752 2024 collocavimus,
770 1961 852 2013 secuti
871 1976 969 2015 sumus.
1004 1960 1083 2025 Quasi
1104 1959 1193 2013 vivant
1209 1959 1279 2023 loca,
1295 1959 1333 2011 ita
1349 1959 1469 2027 loquitur.

312 2048 387 2113 Quod
404 2051 491 2103 autem
504 2047 629 2100 maiomm
647 2046 807 2114 diligentiam
818 2046 914 2110 laudat,
927 2048 1022 2101 scimus
1034 2046 1083 2100 hoc
1095 2046 1254 2099 coloniarum
1266 2043 1471 2098 deducendarum

315 2133 396 2187 fuisse
414 2133 559 2197 eonsilium,
578 2136 607 2186 ut
624 2132 841 2200 opportunissima
852 2132 941 2185 ltaliae
960 2133 1056 2202 oppida
1069 2132 1208 2201 praesidiis
1219 2132 1393 2185 Romanorum
1400 2134 1470 2184 tene-

313 2223 416 2273 rentur:
444 2234 510 2288 quae
532 2235 573 2272 res
597 2221 692 2286 quanto
711 2219 769 2271 usui
792 2221 868 2283 esset,
887 2235 946 2272 cum
964 2219 1014 2271 alia
1031 2219 1111 2283 bella,
1132 2222 1187 2272 tum
1203 2217 1301 2271 Punica
1322 2216 1469 2271 docuerunt.

314 2303 383 2369 Quae
409 2318 468 2357 cum
486 2303 558 2372 origo
576 2303 614 2356 rei
632 2306 708 2367 esset,
720 2303 749 2356 L.
759 2302 831 2356 Sulla
848 2303 938 2357 eadem
955 2304 1051 2357 abusus
1069 2307 1110 2357 est
1127 2303 1160 2356 ad
1177 2318 1250 2356 suam
1261 2304 1403 2372 potentiam
1411 2318 1471 2356 con·

312 2390 472 2445 firmandam
508 2389 572 2443 (ium
590 2390 657 2443 enim
674 2390 799 2442 militibus
816 2391 929 2443 maxima
946 2390 1034 2444 Italiae
1058 2388 1154 2459 oppida
1170 2389 1211 2442 rel
1231 2392 1288 2442 tota
1310 2393 1470 2457 occupasset,

312 2478 351 2531 rel
369 2476 542 2530 admiscendis
566 2475 598 2528 ad
621 2480 721 2530 veteres
745 2477 843 2529 incolas
860 2478 888 2528 in
910 2479 1065 2544 potestatem
1087 2491 1160 2529 suam
1181 2475 1332 2544 redegisset,
1357 2479 1387 2529 ut
1413 2479 1470 2528 tuto

311 2563 487 2617 dominaretur
504 2562 635 2615 effecerat:
657 2563 730 2615 cuius
747 2552 893 2631 exemplum
912 2562 1002 2616 (licere
1025 2564 1107 2615 vereri
1130 2577 1158 2615 se
1176 2563 1213 2615 ait
1228 2577 1261 2615 ne
1279 2561 1370 2615 Rullus
1386 2562 1471 2614 imita

310 2653 360 2703 tur.
396 2648 568 2703 Permittebat
591 2649 658 2701 enim
680 2649 737 2718 lege
761 2664 821 2713 sua,
839 2652 869 2701 ut
892 2648 1028 2702 deduceret
1055 2648 1169 2701 colonias
1190 2648 1219 2699 in
1241 2662 1284 2700 cos
1307 2662 1386 2714 apros
1407 2662 1471 2713 quos

310 2734 417 2787 aarum
438 2740 463 2787 et
486 2733 516 2785 ia
531 2749 597 2800 quoe
621 2733 679 2786 loca
699 2741 837 2803 praeterea
862 2734 1002 2787 videretur.
1037 2733 1107 2786 Haec
1130 2733 1198 2785 enim
1223 2733 1282 2800 ipsa
1304 2730 1370 2798 legie
1391 2731 1470 2783 rerba

310 2820 548 2888 marapetinum
575 2821 700 2873 coloniam
723 2824 808 2873 autem
826 2820 851 2873 h.
869 2820 887 2874 l.
906 2819 1018 2888 appellat
1040 2834 1110 2883 eam,
1133 2835 1183 2887 qua
1203 2816 1245 2871 rei
1266 2820 1348 2871 totum
1365 2815 1471 2883 aliquod

311 2904 437 2973 oppidum
455 2902 498 2957 vel
516 2905 597 2958 maior
615 2909 682 2958 certe
700 2905 755 2958 eius
773 2921 834 2973 pars
860 2908 1012 2973 occupetur,
1036 2907 1065 2957 ut
1082 2919 1149 2956 nora
1174 2903 1299 2972 quaedam
1323 2901 1471 2971 respublica

309 2990 414 3043 existet
449 2988 514 3041 liam
532 2988 624 3042 deduci
640 2989 734 3043 licebat
751 3005 803 3042 non
821 2993 919 3042 tantum
936 2989 964 3041 in
987 3004 1032 3042 eos
1050 3004 1140 3057 agros,
1163 3002 1226 3056 quos
1244 2987 1361 3053 emisset,
1381 3000 1470 3040 rerum

311 3076 391 3129 etiem
409 3075 438 3127 in
456 3074 520 3127 alios
543 3076 648 3144 siquos
666 3076 784 3144 publicos
801 3075 1024 3144 deprehendisset,
1043 3075 1158 3144 Capuam
1179 3074 1290 3127 maxime
1313 3071 1470 3141 significans,

312 3160 343 3213 de
360 3176 413 3229 qna
432 3159 554 3228 deinceps
572 3161 735 3228 peculiariter
752 3163 888 3231 praecipit.
915 3154 999 3227 Qudre
1016 3163 1062 3215 illa
1080 3161 1159 3215 rerba
1171 3162 1281 3214 elissaee
1298 3186 1333 3200 -
1350 3159 1473 3229 expediat

311 3248 385 3317 quasi
403 3246 563 3315 parenthesis
581 3248 637 3302 loco
654 3251 789 3302 interiecta
806 3264 864 3303 esse
882 3249 1007 3303 videmus.

397 3332 441 3387 ⁵14.
459 3335 522 3402 quin
539 3364 573 3373 -
586 3337 691 3405 possint
712 3337 844 3390 deducere.
880 3337 949 3390 Satis
966 3337 1084 3390 rideatur
1100 3352 1158 3390 esse
1177 3337 1240 3403 pairs
1261 3335 1402 3399 dedeceat·
1424 3334 1471 3388 sed

313 3418 382 3487 cupit
399 3418 450 3471 hoc
466 3419 553 3488 ipsum
571 3422 722 3488 exprimere,
740 3421 798 3490 lege
816 3420 919 3489 quidem
930 3422 1021 3475 Xriris
1038 3421 1114 3474 licere
1132 3421 1210 3473 etiam
1227 3421 1254 3473 in
1270 3420 1409 3473 Ianiculum
1427 3419 1470 3472 de·

315 3502 405 3557 ducere
424 3504 550 3559 coloniam
568 3521 648 3575 eaque
666 3507 698 3560 de
716 3524 794 3562 causa
811 3509 907 3561 lactum
925 3524 982 3562 esse
993 3512 1064 3577 puto,
1082 3511 1111 3559 ut
1123 3506 1186 3559 adeo
1198 3507 1225 3558 in
1237 3505 1379 3558 collocandi
1391 3506 1469 3558 verbo

310 3591 412 3657 possint
431 3594 568 3660 repeteret.
604 3594 670 3647 Nam
690 3611 777 3648 omnes
800 3596 828 3648 id
845 3611 875 3648 eo
894 3596 950 3649 loco
972 3596 1074 3649 codices
1092 3597 1203 3646 tuentur.
1239 3592 1278 3645 Of.
1295 3593 1359 3644 orat.
1369 3591 1389 3655 1,
1401 3591 1426 3655 5,
1437 3592 1470 3645 16

317 3671 364 3729 Udi
380 3684 497 3741 cavetur,
516 3695 548 3731 ne
565 3680 594 3730 in
611 3679 732 3734 Ianiculo
750 3683 877 3734 sebalem
894 3683 1077 3734 constituatis?
1096 3698 1128 3733 ae
1147 3679 1234 3732 urbem
1252 3679 1319 3731 boae
1334 3677 1470 3730 ardealio

311 3773 426 3825 premere
444 3769 521 3829 atque
534 3780 627 3832 argere
640 3766 768 3833 possitis?
792 3764 853 3817 Non
864 3765 1107 3834 faciendamque.
1137 3762 1255 3815 Primam
1266 3764 1360 3827 aerem,
1378 3763 1471 3817 deinde

315 3844 395 3909 timeo,
409 3854 541 3915 postremo
559 3868 608 3903 aori
628 3853 792 3916 cornuallem,
810 3859 839 3904 ut
859 3859 945 3905 vestro
962 3853 1082 3919 heodicio
1099 3851 1190 3920 potius
1207 3866 1284 3916 quom
1305 3857 1394 3903 aestro
1412 3866 1470 3902 coa·

314 3931 459 3985 riliosalas·
475 3951 529 3989 esse
549 3938 686 4005 possimus.
709 3968 742 3976 -
768 3947 830 4007 quot
851 3940 974 3992 colonias.
1009 3939 1161 3992 Coniectura
1184 3936 1247 3989 haec
1269 3939 1310 3988 est
1326 3935 1470 3988 lauredani

314 4016 381 4079 (nam
398 4019 456 4073 eod.
475 4036 563 4074 omnes
581 4020 676 4075 habent
694 4026 762 4090 quo),
780 4025 825 4078 sed
844 4030 870 4077 et
886 4025 1030 4089 levissima,
1048 4024 1110 4092 quia
1126 4025 1225 4075 tantum
1243 4022 1329 4074 littera
1347 4038 1375 4086 c,
1393 4036 1469 4089 quam

312 4107 479 4171 perpetuom
496 4109 600 4176 optimis
618 4110 749 4163 codicibus
768 4127 825 4165 cum
842 4113 929 4166 littera
947 4119 959 4164 t
975 4112 1098 4165 confundi
1119 4111 1248 4174 ridemus,
1266 4108 1424 4179 duplicatur,
1443 4110 1470 4159 et

313 4195 417 4259 propter
435 4196 589 4247 sententiam
607 4200 759 4251 necessaria.
787 4200 852 4253 Nam
871 4199 940 4268 qnod
951 4199 1080 4253 Manutius
1098 4198 1235 4266 distinguit
1248 4214 1297 4264 quo
1314 4200 1341 4248 et
1358 4195 1387 4247 ia
1404 4209 1470 4261 qaae

314 4273 378 4338 lece,
396 4290 445 4331 noe
469 4292 521 4330 non
545 4280 696 4346 probamus:
724 4300 773 4349 quo
796 4286 832 4337 ait
854 4284 1061 4352 essegenerale,
1079 4283 1191 4351 inques
1218 4283 1275 4334 loca
1291 4282 1419 4350 pertinere
1436 4279 1470 4332 ad

311 4363 399 4428 perdes
417 4361 580 4430 oppidorum,
598 4366 624 4418 in
642 4382 706 4435 quas
725 4367 811 4421 coloni
828 4369 995 4423 deducantur.
1024 4366 1110 4432 Velut,
1129 4368 1152 4420 si
1169 4366 1273 4435 Capuae
1291 4366 1393 4420 colonia
1410 4380 1469 4418 con·

311 4445 442 4514 stituatur,
460 4453 580 4520 occupari
598 4456 676 4507 etiam
694 4455 818 4524 oppidula
830 4458 925 4510 circum
943 4457 1062 4521 iacentia,
1079 4457 1165 4523 itaque
1183 4455 1271 4523 quaeri
1287 4457 1314 4505 et
1330 4467 1381 4520 quo
1399 4454 1426 4502 et
1441 4452 1469 4503 in

311 4545 384 4599 qun·
394 4539 483 4603 partes
493 4535 619 4606 Campani
637 4541 692 4608 agri
711 4540 794 4594 coloni
811 4541 977 4597 deducantur.
1005 4541 1088 4593 Nimis
1106 4539 1223 4608 equidem
1240 4539 1289 4591 boc
1306 4536 1401 4590 subtile
1411 4548 1469 4588 esse
