3550 5492
770 615 983 678 *49-

292 779 385 844 enim
407 776 520 842 habere
542 768 666 839 comitia
680 774 786 839 Xuiris
808 779 948 843 creandis
964 799 1045 858 eum,
1068 776 1122 858 qui
1135 775 1235 858 legem
1249 775 1366 839 tulerit.
1395 772 1462 838 Hoc

292 881 403 946 dicam
424 879 558 966 planius.
592 877 681 942 Iubet
695 877 822 956 Rullus,
844 881 935 946 homo
957 902 1019 946 non
1035 880 1165 965 cupidus
1188 900 1286 963 neque
1302 885 1460 963 appetens,

291 985 413 1050 habere
436 983 561 1048 comitia
575 982 713 1046 Rullum.
750 983 894 1049 Nondum
916 983 1119 1070 reprehendo:
1142 983 1231 1047 video
1246 981 1353 1046 fecisse
1374 983 1460 1046 alies.

290 1087 392 1169 Illud,
416 1087 497 1171 quod
519 1107 609 1150 nemo
631 1086 717 1167 fecit,
747 1086 784 1149 de
807 1089 925 1155 minore
954 1096 1040 1174 parte
1070 1086 1192 1172 populi,
1221 1109 1282 1172 quo
1309 1087 1462 1172 pertineat

292 1190 412 1255 videte.
455 1187 591 1253 Habebit
612 1187 752 1251 comitia:
779 1190 862 1254 solet
883 1211 934 1255 eos
957 1192 1145 1272 renuntiare,
1168 1191 1279 1274 quibus
1302 1191 1386 1273 regia
1407 1210 1461 1274 po

294 1299 396 1358 testas
418 1293 476 1356 hac
496 1290 563 1375 lege
585 1291 754 1374 quaeritur.
791 1292 942 1359 Universo
961 1295 1073 1380 populo
1088 1315 1187 1377 neque
1208 1293 1276 1378 ipse
1296 1293 1462 1358 committit

294 1405 403 1482 neque
417 1397 465 1460 illi
480 1396 589 1462 horum
605 1394 801 1462 consiliorum
818 1406 956 1463 auctores
972 1398 1123 1462 committi
1138 1404 1218 1461 recte
1233 1402 1345 1481 putant
1359 1417 1460 1481 posse:

293 1501 429 1567 sortitur
450 1500 549 1564 tribus
571 1499 654 1563 idern
676 1499 797 1583 Rullus⁷
819 1501 910 1567 homo
932 1503 1006 1566 felix
1028 1502 1131 1566 educit
1153 1523 1228 1586 quas
1250 1500 1331 1565 volet
1352 1501 1461 1563 tribus.
1471 1510 1503 1562 tl

295 1606 383 1682 Quos
405 1625 517 1670 norem
538 1602 639 1668 tribus
661 1603 773 1667 Xuiros
794 1605 922 1668 fecerint
944 1605 982 1668 ab
1005 1603 1111 1667 eodem
1133 1601 1226 1666 Rullo
1247 1601 1383 1683 eductae,
1407 1602 1462 1665 hos

386 1763 473 1802 centua
486 1760 610 1800 decomeco
623 1761 709 1801 habere.
723 1781 748 1790 -
760 1761 792 1801 21.
806 1762 915 1801 sortietur.
932 1781 956 1789 -
969 1763 1048 1800 educet.

294 1864 478 1934 magistratus,
494 1879 580 1917 verum
603 1865 673 1917 cives
698 1880 785 1917 ornnes
803 1866 830 1916 in
853 1865 997 1917 libertatem
1015 1880 1075 1932 pop.
1094 1855 1166 1921 Rom,
1185 1863 1222 1915 uti
1244 1862 1345 1915 debent.
1381 1859 1461 1912 Paulo

296 1954 386 2003 autern
412 1953 472 2017 post
495 1949 654 2002 restibrimus
678 1965 763 2001 veram
787 1949 923 2002 verborum
946 1949 1137 2001 collocationem
1162 1949 1310 2000 auctoritate
1334 1946 1461 2009 codicum;

298 2052 363 2088 nam
381 2035 451 2104 quod
469 2035 529 2088 olim
543 2036 643 2088 solebat
660 2037 702 2089 edi
721 2037 826 2089 canitic
837 2036 930 2089 Xuiris
942 2035 1034 2087 debere
1053 2035 1182 2097 creandis,
1200 2038 1332 2102 poetarum
1350 2037 1461 2094 estnon
1502 2066 1504 2071 -

297 2122 440 2175 Ciceronis.
458 2151 492 2159 —
509 2140 561 2174 aon
581 2123 691 2191 cupidus
715 2139 795 2190 neque
819 2131 950 2191 appetens.
987 2123 1041 2174 Hoc
1064 2126 1160 2189 quauta
1183 2120 1343 2173 simulatione
1366 2119 1461 2171 dictum

296 2210 334 2262 ait
352 2211 470 2277 apparet.
507 2208 569 2261 Vult
592 2211 659 2261 enim
683 2210 838 2277 persuadere
857 2209 1002 2262 hominihus
1029 2208 1168 2276 cupiditate
1191 2206 1249 2259 duci
1271 2206 1387 2270 Rullum,
1411 2221 1461 2259 non

295 2297 414 2358 iustitia,
437 2297 466 2349 ut
482 2295 551 2364 quod
575 2312 664 2349 rerum
688 2312 846 2364 aequumque
869 2297 904 2347 sit
927 2295 1054 2362 negligat,
1081 2299 1135 2347 tum
1160 2293 1268 2345 eundem
1302 2308 1359 2346 esse
1385 2307 1462 2360 appe·

297 2385 407 2446 tentem,
424 2383 544 2435 nimirum
564 2385 689 2451 pecuniae
713 2400 741 2435 ac
766 2385 805 2435 sui
824 2383 958 2435 commodi.
980 2411 1014 2419 -
1031 2381 1128 2449 fecisse
1150 2381 1223 2432 ulica.
1264 2380 1343 2431 Immo
1366 2395 1462 2431 morem

296 2468 382 2521 fuisse
400 2482 500 2533 censeo,
519 2471 542 2521 si
559 2471 616 2538 quis
635 2470 667 2521 de
685 2471 816 2522 curatione
835 2469 1013 2522 constituenda
1031 2468 1144 2530 tulisset,
1168 2471 1197 2519 ut
1213 2466 1280 2518 idem
1298 2466 1408 2518 comitiis
1426 2465 1438 2515 f
1454 2492 1463 2500 -

297 2554 450 2607 ciendorum
467 2559 613 2609 curatorum
635 2561 776 2623 praeesset.
813 2556 887 2620 Quod
906 2557 928 2609 si
947 2573 1003 2608 cum
1021 2571 1091 2608 more
1105 2555 1146 2607 vel
1165 2554 1228 2606 adeo
1246 2555 1344 2606 sicum
1363 2553 1464 2621 legibus

296 2644 454 2709 pugnasset,
471 2645 630 2710 quantopere
643 2644 850 2711 reprehendisset
868 2647 967 2696 orator!
995 2642 1033 2694 hc
1051 2642 1122 2708 leges
1139 2641 1208 2703 illae,
1225 2656 1291 2707 quae
1310 2640 1364 2704 §21
1384 2640 1465 2692 nomi-

298 2723 407 2790 nantur,
422 2742 480 2779 eum
498 2730 622 2798 uetabant
634 2733 734 2782 lantum
752 2729 808 2782 fieri
826 2734 977 2792 curatorem,
997 2728 1121 2780 faciendis
1134 2741 1253 2794 praeesse
1265 2741 1316 2778 non
1333 2726 1464 2777 vetabant.

298 2812 377 2877 Quod
396 2817 481 2866 autem
499 2816 616 2882 sequitur
634 2832 776 2884 pronomen
793 2817 868 2878 illud,
887 2817 1013 2881 coniunge
1025 2831 1083 2866 cum
1101 2815 1140 2876 iis,
1159 2829 1224 2881 quae
1242 2816 1302 2864 sunt
1319 2812 1350 2863 de
1367 2811 1465 2863 caricare

293 2905 379 2969 purte
395 2901 496 2968 pepuli,
513 2902 530 2954 i.
548 2918 570 2955 e.
589 2902 663 2966 illud,
677 2903 746 2971 quod
765 2903 858 2954 attinet
876 2902 909 2953 ad
930 2902 1053 2953 minorem
1071 2903 1170 2967 partem
1193 2897 1295 2966 populi,
1319 2912 1395 2963 quam
1413 2896 1465 2948 suf-

299 2985 388 3053 fragia
405 2985 474 3038 ferre
491 2987 554 3040 vult.
583 2988 660 3041 Redit
678 2992 765 3041 orator
777 2988 810 3040 ad
828 2988 899 3051 illud,
918 2986 985 3054 quod
1006 2990 1065 3038 ante
1083 2989 1212 3054 posuerat,
1229 2983 1391 3049 quaesituros
1409 2996 1466 3033 esse

299 3071 429 3136 homines,
447 3072 512 3138 qaid
533 3076 667 3142 spectarit,
685 3077 703 3127 i.
721 3091 743 3128 e.
762 3090 812 3143 quo
832 3076 972 3143 pertineat,
988 3073 1057 3142 quod
1079 3073 1185 3124 ferebat.
1220 3070 1357 3137 spectasse
1380 3071 1465 3120 autern

300 3155 340 3206 ait
357 3155 463 3208 Rullum
481 3156 547 3211 duas
565 3174 620 3222 res,
646 3161 757 3226 primum
776 3164 805 3212 ut
827 3160 948 3211 maiorem
972 3156 1060 3226 populi
1083 3160 1196 3225 partem,
1220 3158 1308 3222 utpote
1328 3153 1421 3206 nullius
1439 3154 1467 3205 in

301 3242 416 3294 comitiis
434 3245 567 3308 momenti,
585 3260 705 3311 spernere
718 3245 815 3309 liceret,
833 3245 926 3297 deinde
945 3248 973 3296 ut
991 3245 1046 3311 ipse
1065 3259 1121 3296 cum
1140 3244 1194 3296 suis
1207 3242 1274 3294 Xvir
1291 3240 1372 3295 fieret.
1399 3240 1467 3303 Quo-

299 3343 359 3379 rum
372 3329 445 3396 prius
462 3329 500 3382 sic
517 3330 642 3398 explicat:
662 3331 734 3395 Esto,
751 3332 856 3384 habebit
873 3333 953 3398 igitur
973 3332 1077 3384 comitia
1093 3330 1191 3383 Rullus.
1225 3329 1326 3381 Etenim
1341 3342 1394 3390 eos,
1412 3327 1466 3393 qui·

299 3413 351 3466 bus
363 3417 479 3482 potestas
492 3418 564 3484 regia
575 3417 663 3470 futura
679 3423 727 3482 est,
747 3435 762 3470 a
781 3435 808 3471 sc
826 3420 976 3471 accuratiori
984 3419 1046 3482 vult,
1065 3419 1082 3471 i.
1093 3435 1114 3470 e.
1133 3418 1228 3469 habitis
1248 3413 1465 3468 comitiieriros

301 3498 443 3564 declarari,
465 3505 495 3553 ut
512 3519 529 3554 a
546 3518 574 3555 se
592 3505 756 3572 potissimum
774 3509 872 3558 tantam
890 3509 1043 3575 potestatem
1067 3506 1197 3572 accepisse
1223 3503 1364 3556 rideantur.
1401 3500 1466 3550 Tum

301 3587 469 3655 parenthesis
487 3591 560 3657 quasi
578 3589 635 3643 loco
653 3591 756 3655 inserit,
774 3593 843 3660 quod
861 3592 995 3644 consilium
1013 3593 1063 3643 iam
1084 3608 1151 3644 nunc
1169 3590 1259 3642 Rullus
1277 3592 1412 3654 sequatur,
1431 3590 1466 3648 ut,

302 3688 361 3724 cum
380 3673 516 3729 habiturus
534 3677 570 3729 sit
586 3679 698 3742 comitia,
715 3679 784 3746 quod
803 3679 878 3743 velit,
902 3678 1005 3731 efficiat.
1044 3677 1074 3729 ld
1097 3677 1231 3729 consilium
1255 3673 1391 3741 dupliciter
1409 3686 1466 3722 exe·
1518 3670 1521 3676 '

302 3759 400 3826 quitur,
419 3764 448 3813 ut
457 3761 559 3814 Rullum
579 3764 649 3816 dicat
665 3766 775 3832 primum
794 3767 913 3818 universo
931 3765 1028 3833 populo
1046 3779 1096 3815 non
1109 3763 1276 3823 committere,
1295 3758 1386 3811 deinde
1404 3760 1467 3810 sorti

303 3845 435 3900 confidere
452 3849 526 3917 eique
544 3851 616 3914 sorti,
634 3868 711 3920 quam
729 3853 785 3920 ipse
803 3857 884 3919 regat.
921 3850 1090 3918 Respondent
1106 3850 1185 3916 igitur
1202 3847 1269 3899 inter
1287 3860 1315 3897 se
1333 3844 1470 3896 ccrrrrnc'ttit

301 3935 330 3985 et
347 3933 466 3997 ecrtitrtr,
492 3936 590 3999 educit,
614 3942 643 3990 ut
665 3942 734 3991 recte
751 3940 777 3990 in
800 3939 918 3990 omnibus
937 3937 992 3989 cod.
1012 3936 1073 3987 haec
1092 3933 1238 4002 praesentia
1259 3931 1326 3984 tradi
1349 3931 1466 3993 arbitrer,

302 4033 356 4070 uon
374 4023 444 4072 recte
463 4021 496 4074 ab
509 4021 654 4076 editoribus
676 4025 759 4077 adhuc
776 4026 900 4092 praeferri
918 4025 1041 4076 sortietur
1058 4025 1085 4072 et
1097 4020 1193 4072 educet.
1221 4019 1379 4084 Quamquam
1392 4018 1468 4071 etiam

302 4105 419 4159 futurum
437 4107 513 4171 volet,
531 4109 601 4177 quod
619 4111 687 4162 inter
705 4110 788 4163 media
806 4112 951 4179 praesentia
973 4108 1139 4170 interficitur,
1157 4107 1225 4170 fero;
1247 4105 1372 4172 siquidem
1390 4105 1467 4155 etiarn

301 4189 367 4242 haec
387 4190 420 4241 ad
443 4191 471 4243 id
487 4193 556 4260 quod
574 4193 686 4246 futurum
706 4198 753 4258 est,
777 4197 914 4263 pertinent.
953 4193 1113 4247 Cocnou'tterc
1136 4206 1214 4259 saepe
1237 4192 1288 4244 dici
1306 4194 1407 4243 constat
1424 4190 1468 4242 ob·

302 4275 373 4329 iectu
391 4278 496 4342 omissa,
514 4283 544 4331 ut
564 4280 599 4332 sit
609 4281 627 4333 i.
640 4297 664 4349 q.
682 4280 758 4333 fidem
776 4282 878 4333 habere.
906 4279 944 4331 cf.
963 4279 1053 4341 iufra§
1065 4276 1098 4328 ‘23
1117 4285 1142 4329 et
1159 4277 1283 4329 emacuitti
1294 4275 1354 4327 duic
1366 4275 1466 4343 aptiore.

303 4360 381 4426 Quod
402 4366 489 4414 autem
506 4380 594 4416 omnes
612 4365 668 4418 cod.
682 4367 802 4418 mendose
819 4367 942 4417 exhibent
951 4371 1087 4433 putantur,
1106 4364 1251 4416 emendarit
1259 4363 1412 4429 Naugerius,
1425 4362 1469 4428 qui

302 4448 374 4501 idem
392 4449 427 4501 ab
441 4449 517 4502 initio
530 4451 606 4504 huius
622 4452 778 4518 paragraphi
790 4452 859 4519 quod
870 4453 898 4504 in
911 4453 967 4505 cod.
985 4456 1041 4505 erat
1053 4458 1171 4520 spectant
1179 4452 1287 4503 mutavit
1296 4451 1323 4502 in
1336 4448 1468 4516 spectarit.

394 4533 436 4586 21.
459 4535 527 4587 idem
545 4534 640 4587 Rullus
666 4536 682 4588 i.
701 4551 722 4587 e.
746 4535 812 4587 idem
836 4538 879 4604 qui
902 4538 981 4590 hahet
1003 4539 1113 4590 comitia.
1155 4537 1207 4589 Sed
1229 4536 1341 4588 cumulat
1358 4535 1383 4587 h.
1402 4534 1419 4585 1.
1437 4532 1468 4585 de

302 4617 436 4672 industria
451 4637 595 4689 pronomen
614 4621 726 4674 invidiae
744 4622 877 4677 faciendae
895 4641 973 4678 causa
996 4641 1026 4678 ac
1043 4626 1121 4694 paulo
1144 4630 1204 4692 post
1219 4623 1312 4691 repetit
1333 4621 1365 4674 ab
1382 4621 1469 4674 ecdem

302 4702 387 4757 Rullo
405 4704 521 4770 eductae,
538 4707 613 4775 quasi
631 4706 717 4761 sortiri
735 4709 761 4758 et
778 4707 885 4763 educere
903 4711 984 4765 tribus
997 4711 1126 4766 disemum
1143 4711 1185 4764 sit.
1195 4709 1332 4772 -edccit,
1349 4707 1469 4761 nimiam

1252 4797 1270 4848 4
