3550 5492
782 587 994 651 ..95-

397 749 547 833 Sequitur
573 771 677 813 omnes
707 771 802 830 apros
830 759 918 812 entra
941 748 1083 818 Italiam,
1110 747 1233 812 infinito
1260 768 1298 811 ex
1320 754 1466 833 tompore,

307 874 373 921 non
403 860 441 919 ιιι
467 860 555 936 ante,
584 875 603 917 a
626 851 713 916 Sulla
735 858 767 917 et
786 850 932 935 Pompeio
957 848 1151 913 oonsulibus:
1178 850 1310 931 cognitio
1335 850 1467 915 Xvirum

306 957 453 1042 privatus
474 956 517 1021 sit
538 976 579 1019 an
600 954 758 1040 publicus:
781 953 913 1037 denique
935 972 1007 1035 agro
1028 953 1196 1037 pergrande
1217 953 1348 1036 vectigal
1369 953 1467 1039 impo-

307 1057 409 1123 nitur.
443 1057 508 1121 Hoc
522 1062 672 1141 quantum
687 1054 847 1135 iudicium,
863 1075 957 1138 quam
973 1054 1211 1137 intolerandum,
1233 1076 1326 1139 quam
1346 1056 1467 1140 regium
1476 1066 1509 1121 57

402 1258 426 1296 rel
439 1258 511 1303 onim,
525 1254 553 1293 ab
565 1254 634 1294 Sulla.
648 1255 794 1323 -melr'eum
808 1255 867 1301 eioroe
881 1263 943 1301 arro.
956 1273 980 1282 -
994 1254 1085 1302 recreent
1095 1254 1227 1302 perorando.

308 1433 343 1471 ne
356 1432 491 1487 merone
507 1415 609 1484 quidem
622 1415 727 1485 publico
746 1422 815 1469 tecm.
841 1415 950 1468 Prorsus
969 1415 1006 1467 ita
1017 1415 1080 1467 baec
1096 1415 1122 1466 in
1136 1413 1266 1467 codicibus
1283 1429 1332 1470 ms.
1349 1413 1469 1482 leguntur

310 1519 397 1573 nmue
413 1502 499 1555 haesit
515 1502 586 1555 iniis
599 1502 733 1570 quisquam
745 1502 905 1569 superiorum
922 1503 1099 1570 interpretum,
1111 1501 1171 1554 dum
1183 1501 1316 1554 Ernestius
1333 1518 1385 1554 noc
1395 1502 1469 1554 modo

307 1588 383 1641 vobis
401 1587 504 1657 quidem
520 1585 641 1649 arbitrie,
654 1585 772 1638 Baiterus
795 1603 846 1638 oon
863 1588 937 1641 modo
960 1587 1031 1640 vobis
1052 1587 1159 1640 arbitris
1176 1587 1288 1654 scripsit.
1320 1585 1414 1638 Parum
1430 1586 1470 1638 illi

308 1673 433 1727 videntur
455 1673 530 1725 huius
556 1672 606 1725 loci
629 1673 780 1725 seutentiam
804 1673 978 1740 perspexisse.
1024 1671 1090 1724 Nam
1111 1670 1183 1723 cobis
1206 1669 1312 1723 arbitria
1333 1674 1374 1723 est
1395 1670 1469 1725 vobis

311 1761 471 1826 volentibus,
488 1761 561 1815 vobis
579 1761 615 1812 ita
626 1760 787 1822 iubentibus;
805 1774 883 1827 quare
901 1774 933 1811 ne
950 1757 1021 1811 vobio
1038 1757 1140 1824 occidero
1151 1755 1259 1809 arbitris
1277 1758 1358 1808 estut
1374 1771 1406 1807 ne
1424 1770 1470 1809 vos

308 1847 429 1917 quidem,
446 1846 559 1915 populns
576 1847 723 1909 Romanus,
746 1859 810 1912 qnos
833 1846 944 1897 maxime
967 1859 1086 1911 agrorum
1108 1842 1269 1910 publicorum
1292 1845 1392 1909 oportet
1413 1856 1469 1894 esse

308 1933 433 1993 arbitrm,
450 1932 487 1983 ita
504 1931 627 1984 iubeatis:
646 1945 734 1983 rursus
757 1946 789 1981 ne
802 1946 934 1997 praecone
952 1929 1054 1997 quidem
1068 1928 1173 1998 publico
1192 1935 1253 1980 tecte
1271 1931 1310 1981 est
1327 1928 1382 1980 sine
1399 1928 1471 1980 testi·

308 2018 399 2073 monio
423 2032 475 2071 non
498 2016 582 2069 dicam
604 2015 693 2084 populi
711 2016 819 2068 Romani
836 2017 905 2079 (nam
928 2017 951 2068 is
968 2016 1079 2068 tortasse
1100 2031 1162 2068 casu
1180 2014 1270 2068 adesse
1292 2029 1343 2067 non
1365 2013 1471 2082 potest),

308 2104 357 2159 sed
384 2118 417 2157 ne
443 2103 575 2172 praeconis
602 2103 704 2171 quidem
736 2102 846 2170 publici,
878 2117 953 2170 quem
982 2103 1010 2155 iu
1037 2101 1154 2155 omnibus
1181 2101 1341 2153 auctionibus
1361 2100 1470 2168 publicis

309 2188 553 2257 interemantque
580 2203 685 2242 necesse
711 2191 759 2241 est.
794 2189 864 2240 Haec
886 2188 937 2241 duo
964 2204 1009 2241 cur
1035 2203 1086 2241 non
1113 2188 1318 2254 coniungantur?
1353 2185 1403 2239 Cur
1420 2202 1471 2240 non

308 2276 425 2331 dicatur:
455 2278 542 2328 vestra
564 2274 700 2344 vectigalia
726 2274 838 2327 vendent
859 2274 948 2338 Xviri,
972 2289 1023 2327 non
1046 2274 1122 2327 modo
1139 2274 1190 2337 ita,
1211 2277 1240 2325 ut
1256 2288 1288 2325 ne
1305 2287 1352 2326 vos
1370 2273 1472 2342 quidem

309 2361 452 2425 iusseritis,
469 2360 515 2414 sed
533 2361 610 2413 edam
628 2362 673 2424 ita,
691 2365 720 2413 ut
737 2376 768 2413 ne
786 2376 878 2428 praeco
896 2360 999 2430 quidem
1016 2360 1135 2429 publicus
1153 2360 1271 2413 intersiti
1293 2387 1326 2397 -
1348 2357 1473 2425 Sequitur

311 2451 362 2501 cet
398 2447 528 2515 Exposuit
544 2451 620 2499 antea
638 2447 689 2499 duo
712 2447 866 2500 venditionis
885 2462 993 2515 genera,
1015 2448 1125 2516 primum
1143 2447 1157 2510 t
1174 2446 1220 2510 38,
1238 2448 1267 2497 ut
1283 2448 1356 2497 extra
1372 2444 1472 2496 Italiam

277 2518 280 2539 ³
311 2532 435 2603 quicquid
456 2533 490 2585 ab
516 2548 583 2586 anno
600 2531 635 2585 88
653 2549 675 2584 a.
694 2532 753 2586 Chr.
771 2533 902 2600 publicum
925 2546 984 2599 pop.
1003 2531 1112 2583 Romani
1137 2529 1234 2583 iactum
1257 2544 1314 2582 esse
1336 2527 1473 2591 videretur,

310 2615 407 2671 deinde
424 2617 439 2680 t
455 2615 499 2681 47,
516 2620 545 2669 ut
561 2619 588 2668 et
609 2617 679 2669 intra
695 2616 795 2669 ltaliam
818 2620 844 2669 ct
861 2621 934 2669 extra
955 2632 1012 2669 eam
1030 2615 1150 2684 quicquid
1170 2615 1301 2683 publicum
1318 2630 1380 2683 pop.
1398 2614 1473 2666 Rom.

311 2716 371 2757 eme
389 2704 529 2766 constaret,
547 2717 580 2755 ex
602 2717 652 2771 quo
669 2702 780 2769 vectigal
798 2705 945 2771 caperetur,
963 2700 991 2753 id
1008 2701 1119 2753 reniret:
1137 2700 1264 2766 sequitur,
1282 2701 1311 2749 ut
1333 2701 1407 2750 extra
1423 2697 1473 2749 Ita·

310 2787 376 2839 liam
394 2786 439 2855 qni
456 2786 513 2853 agri
530 2789 590 2839 ante
602 2802 666 2839 ¹ann.
685 2785 719 2839 88
737 2785 834 2853 publici
850 2786 914 2837 iacti
932 2800 989 2838 esse
1007 2784 1162 2849 viderentur,
1179 2785 1212 2837 iis
1231 2784 1343 2851 vectigal
1360 2785 1473 2851 impone

312 2875 399 2925 retvrr:
418 2886 468 2938 quo
485 2871 513 2923 in
536 2885 630 2938 genere
649 2885 738 2923 rursus
761 2868 883 2922 iudicium
901 2869 1011 2922 Xvirnm
1032 2868 1190 2922 intercedere
1213 2870 1356 2937 oportebat.
1392 2868 1473 2921 Nobis

313 2956 419 3027 quidem
437 2957 492 3011 lnl.
510 2957 645 3011 molestum
663 2960 710 3021 est,
729 2955 877 3009 Ciceronem
895 2954 970 3024 quale
988 2955 1097 3023 vectigal
1113 2955 1262 3022 impositum
1280 2956 1322 3019 sit,
1340 2970 1390 3007 non
1409 2952 1475 3006 indi·

313 3058 397 3109 casse.
433 3042 533 3096 Etenim
551 3059 601 3096 non
620 3043 725 3097 dubium
743 3046 796 3105 est,
818 3042 879 3109 quin
897 3040 987 3093 horum
1005 3054 1124 3107 agrorum
1142 3040 1254 3091 maxima
1271 3054 1331 3106 pars
1349 3039 1418 3101 (nam
1435 3038 1474 3090 in·

315 3129 387 3182 dicio
405 3127 509 3197 quidem
529 3129 557 3181 in
570 3144 621 3181 non
638 3129 675 3181 ita
685 3128 775 3184 multis
793 3128 862 3196 agris
875 3124 976 3178 videtur
987 3119 1052 3192 opus
1064 3124 1154 3189 fuisse)
1165 3125 1217 3177 iam
1232 3128 1291 3177 autc
1308 3124 1357 3176 boc
1373 3120 1474 3192 tompus

313 3218 417 3271 certum
435 3206 547 3266 annisum
565 3213 688 3267 tributum
705 3214 819 3280 solverit,
837 3214 883 3268 sed
900 3212 1018 3266 solvebat
1033 3213 1172 3278 fructibus;
1199 3213 1289 3265 Rullus
1313 3214 1402 3265 autem
1417 3225 1475 3263 cnm

315 3299 455 3369 pecuniam
472 3304 618 3367 quaereret,
635 3299 684 3353 boc
701 3300 786 3353 iacere
804 3299 922 3364 debebat,
940 3302 969 3351 ut
987 3299 1164 3353 aestimatione
1186 3298 1255 3352 iacta
1272 3299 1370 3351 fructus
1387 3298 1417 3349 in
1432 3312 1475 3366 pe-

315 3385 421 3439 cuniam
439 3388 615 3438 commutaret.
645 3384 728 3450 Quare
746 3387 774 3438 iu
791 3386 839 3439 hac
858 3387 1035 3440 aestimatione
1053 3404 1128 3441 omne
1145 3389 1211 3456 legis
1228 3389 1303 3457 quasi
1320 3390 1475 3441 momentum

314 3471 374 3522 erat
389 3468 519 3547 positum,
536 3484 602 3537 quae
619 3469 702 3537 qualis
724 3470 843 3523 instituta
863 3475 945 3537 esset,
971 3474 1094 3528 vellemus
1117 3488 1278 3542 cognoscere.
1318 3474 1477 3541 Quamquam
1494 3506 1500 3513 -
1550 3478 1553 3484 ’

318 3569 373 3608 non
391 3553 466 3607 credo
484 3553 564 3608 tuisse
584 3554 745 3624 perprande,
771 3556 839 3625 quod
856 3555 945 3609 Cicero
970 3559 1097 3627 queritur:
1123 3559 1200 3610 immo
1218 3557 1323 3621 Rullus,
1345 3561 1374 3609 ut
1393 3557 1477 3622 legem

318 3656 395 3694 snam
412 3641 491 3695 etiam
508 3643 708 3710 provincialibus
727 3644 925 3708 commendaret,
941 3645 968 3697 in
980 3645 1089 3713 pecunia
1105 3642 1285 3697 constituenda
1297 3641 1392 3710 aliquid
1410 3640 1478 3694 vide·

318 3730 364 3781 tur
381 3727 519 3782 remisisse.
552 3729 638 3797 Atque
660 3731 723 3784 illud
745 3734 785 3784 est
801 3732 930 3797 notabile,
952 3736 1108 3800 quantopere
1130 3746 1231 3784 omnem
1254 3729 1285 3782 de
1303 3745 1335 3782 ea
1352 3745 1379 3781 re
1397 3727 1478 3780 disce·

318 3810 464 3879 plationem
482 3810 571 3866 Cicero
594 3813 690 3882 ingerit
707 3818 838 3882 totamque
856 3816 997 3870 orationem
1014 3833 1045 3870 eo
1066 3816 1208 3879 declinarit,
1226 3819 1255 3868 ut
1272 3815 1369 3883 regiam
1389 3817 1479 3883 poten·

319 3897 386 3950 tiam
402 3897 493 3951 Xviris
511 3899 627 3967 permitti
644 3900 800 3954 ostenderet:
824 3900 868 3969 qui
886 3901 910 3953 si
927 3901 1004 3953 ullam
1021 3902 1048 3953 in
1065 3899 1242 3954 aestimatione
1258 3898 1304 3951 illa
1319 3898 1478 3967 iniquitatem

319 3982 450 4050 petiisset
466 3982 599 4051 detegere,
617 4000 734 4037 eamnon
745 3984 847 4038 videtur
858 3985 937 4039 fuisso
950 3987 1184 4055 praetermissurus.
1208 3985 1295 4038 Verba
1311 3986 1368 4055 ipsa
1384 3985 1480 4037 habeut

321 4066 452 4135 insignem
469 4070 598 4138 quandam
615 4071 781 4136 brevitatem,
799 4073 873 4140 quasi
891 4074 980 4141 paucis
997 4074 1080 4141 legem
1098 4073 1232 4142 complecti
1248 4077 1335 4126 orator
1351 4075 1480 4141 properet.

322 4152 398 4217 Quod
416 4157 501 4207 autun
525 4156 673 4224 scripsimus
696 4157 817 4224 denique,
842 4157 903 4210 libri
923 4176 971 4213 ms.
990 4161 1084 4213 babent
1106 4159 1201 4227 sicque,
1227 4159 1295 4228 quod
1316 4157 1480 4212 intolerabile

321 4240 498 4295 Romanorum
517 4244 621 4307 auribus
639 4244 719 4297 inisse
735 4243 832 4296 indicat
849 4243 881 4298 N.-
898 4245 1010 4315 iladvig.
1029 4247 1062 4300 ad
1082 4246 1133 4299 Cic.
1152 4246 1184 4299 de
1201 4245 1245 4299 tin.
1262 4245 1295 4311 V,
1314 4246 1355 4311 14,
1371 4244 1415 4298 40.
1449 4244 1481 4297 lli

325 4329 427 4382 annum
444 4330 539 4384 indicio
556 4332 607 4385 etsi
625 4345 671 4384 nos
688 4347 780 4400 parum
791 4332 866 4385 decet
880 4331 957 4386 fidem
973 4332 1077 4397 habere,
1093 4336 1180 4385 tamen
1192 4347 1224 4386 ne
1235 4333 1361 4387 sententia
1378 4330 1481 4400 quidem

325 4418 368 4467 est
385 4419 455 4484 apta,
472 4417 533 4485 qnia
550 4417 581 4471 de
598 4417 683 4482 modo,
694 4433 744 4486 quo
762 4418 872 4486 vectigal
883 4418 1030 4486 imponitur,
1042 4434 1093 4471 non
1112 4419 1206 4486 agitur.
1231 4418 1286 4472 Nec
1296 4421 1382 4471 tamen
1399 4417 1480 4484 eique,

325 4501 396 4571 quod
420 4503 477 4571 ipse
498 4504 674 4570 commendat,
696 4504 782 4573 placet
798 4504 891 4573 (nequo
911 4505 980 4573 enim
1002 4504 1073 4557 ullus¹
1091 4519 1154 4572 ager
1178 4506 1253 4557 antea
1269 4504 1414 4557 nominatus
1432 4503 1482 4566 est)

323 4587 525 4659 scripsimusque
543 4591 660 4660 denique,
677 4590 747 4660 quod
756 4591 874 4660 proiecto
891 4594 918 4646 in
930 4593 978 4646 hac
989 4592 1109 4647 codicum·
1114 4609 1162 4647 ms.
1174 4595 1319 4647 nostrorum
1332 4590 1481 4645 condicione

320 4670 399 4727 iacile
416 4673 550 4731 medemur
566 4675 603 4729 ila
620 4677 736 4746 potuisse
752 4678 888 4753 cormmpi.
1182 4682 1185 4687 '
