3550 5492
726 382 962 447 -167-

259 543 365 626 Sulla,
388 542 443 631 qui
469 543 537 609 eius
565 543 658 609 rebus
679 544 801 627 resisto,
830 544 976 611 Sullanas
1003 566 1053 613 res
1081 548 1244 615 defendere
1264 548 1420 615 criminor.

259 647 364 713 Habet
384 666 472 730 agros
494 647 669 730 nonnullos,
693 648 805 732 inquit
829 667 914 715 socer
931 669 1020 714 meus
1035 648 1169 716 desertos
1190 654 1284 734 atque
1298 649 1464 734 langiu-14

260 773 352 838 quos:
375 752 488 816 vendet
508 773 559 816 eos
580 773 650 817 moa
671 746 737 836 lego
760 752 870 837 quanti
893 752 983 818 volet.
1021 753 1123 817 Habet
1143 753 1274 818 incertos
1296 774 1332 817 ac
1353 754 1421 819 iure

260 854 347 920 nullo
374 875 545 939 possessos:
575 856 840 921 confirmabrmtur
869 857 984 943 optimo
1015 858 1093 922 iure.
1136 857 1240 922 Habet
1266 857 1419 942 publicos:

259 958 387 1024 reddam
413 959 559 1044 privatos.
610 959 750 1044 Denique
778 979 829 1025 eos
858 959 986 1044 fundos,
1015 981 1091 1045 quos
1118 959 1153 1024 in
1180 980 1252 1043 agro
1280 960 1421 1025 Casinati

260 1063 391 1149 optimos
418 1062 739 1148 fructuosissimosque
766 1065 975 1149 continuavit,
1008 1087 1080 1131 cum
1114 1086 1212 1150 usque
1239 1085 1274 1128 eo
1302 1064 1420 1149 vicinos

258 1164 472 1250 proscriberet,
496 1166 597 1249 quoad
619 1165 714 1231 oeulis
738 1167 955 1233 conformando
978 1189 1015 1233 ex
1037 1168 1144 1234 multis
1165 1166 1301 1255 praediis
1322 1187 1420 1233 unum

258 1267 348 1333 fundi
363 1266 520 1351 regionem
534 1269 724 1352 formamque
739 1269 909 1353 perficeret,
932 1291 1008 1356 quoe
1024 1292 1107 1336 nunc
1128 1292 1201 1337 cum
1215 1270 1319 1354 aliquo
1334 1274 1419 1335 metu

257 1377 352 1455 tenet,
375 1371 443 1437 sine
464 1371 530 1436 ulla
551 1391 626 1436 cura
646 1371 824 1456 possidebit

344 1501 385 1565 lit
406 1500 568 1585 quoniam,
595 1521 657 1585 qua
679 1500 716 1564 de
738 1521 833 1565 causa
854 1506 886 1564 et
907 1522 1040 1586 qnorum
1068 1523 1161 1568 causa
1189 1502 1242 1567 ille
1269 1503 1327 1569 hoc
1348 1513 1461 1590 pro-15

258 1602 416 1687 mulgarit,
439 1601 568 1685 ostendi,
592 1601 699 1668 doceat
719 1601 785 1688 ipse
806 1603 871 1668 iam
893 1624 949 1687 ego
971 1625 1063 1689 quem
1085 1625 1289 1691 possessorem
1312 1606 1416 1672 deien-

344 1833 413 1883 ὅκκα,
426 1835 501 1884 metus
514 1834 584 1875 retes.
596 1853 622 1865 —
635 1833 668 1876 li.
680 1836 740 1875 nullo
753 1836 809 1876 iure.
821 1855 845 1866 -
872 1835 905 1877 15.
915 1840 1095 1889 promaterterae.
1108 1858 1133 1868 -
1146 1840 1193 1888 ipss
1205 1849 1256 1879 sum
1268 1850 1313 1890 eqo.

257 2016 288 2068 ad
304 2014 484 2069 illustrandam
501 2014 571 2067 ltulli
588 2015 775 2082 impudentiam
791 2016 911 2082 iuteriioi,
928 2017 1027 2086 reliqua
1044 2018 1078 2071 ad
1095 2020 1245 2084 orationem,
1259 2034 1326 2088 quae
1341 2020 1416 2073 iusti-

188 2146 189 2151 ,
256 2104 312 2155 tuta
330 2104 394 2166 erat,
410 2101 539 2170 pertinere
557 2101 674 2154 arbitror.

188 2226 189 2235 ¹
272 2261 275 2266 ,
342 2204 382 2257 14.
401 2220 479 2273 syros
496 2231 530 2241 -·
548 2203 668 2266 desertos,
681 2204 801 2257 nimirum
812 2210 919 2274 propter
936 2206 1118 2292 pestilentiqm.
1147 2207 1220 2260 Dixit
1237 2208 1269 2261 de
1286 2209 1326 2261 his
1345 2207 1414 2279 agris

188 2288 189 2337 ζ
256 2292 320 2343 orat.
336 2289 373 2354 11,
391 2289 440 2354 26,
458 2289 492 2343 68
509 2305 548 2357 sq.
592 2289 710 2343 lacertos
736 2294 830 2355 autem
852 2291 1067 2359 quemadmodum
1085 2293 1141 2361 ipse
1155 2292 1352 2361 'explicat-eos,
1369 2295 1415 2363 qui

188 2360 190 2393 ‘
254 2375 351 2430 incerto
368 2376 424 2428 iure
441 2379 515 2440 sunt,
539 2377 583 2444 qui
599 2380 688 2442 utrum
704 2377 802 2445 publici
819 2395 852 2431 au
870 2380 964 2447 privati
982 2381 1042 2444 sint,
1060 2381 1089 2432 in
1105 2381 1205 2433 incerto
1222 2383 1269 2433 est
1298 2406 1333 2417 -
1351 2379 1413 2448 sru-

189 2464 191 2469 '
254 2462 485 2528 ctuosissimosqce.
524 2461 568 2515 Sic
588 2462 746 2515 Erfurtsnsis
769 2463 853 2516 codex
873 2465 966 2529 habet,
988 2465 1043 2518 sive
1066 2465 1135 2533 quod
1156 2466 1194 2518 ita
1215 2465 1243 2517 iu
1261 2480 1291 2518 eo
1308 2466 1353 2532 qui
1370 2465 1413 2519 de-

253 2546 413 2602 scribebatur
429 2545 517 2600 cedice
527 2547 684 2611 inveniebat,
696 2549 761 2610 sire,
779 2548 847 2616 qued
865 2549 948 2618 magis
961 2550 1046 2614 credo,
1062 2549 1095 2603 ds
1112 2551 1272 2614 coniectura3
1290 2551 1336 2603 sed
1353 2558 1412 2620 pr'o·

253 2633 339 2689 babile
356 2636 396 2685 est
418 2632 571 2702 particulam
589 2650 638 2702 que
655 2633 789 2687 excidisse.
819 2633 902 2687 'Nam
923 2636 1000 2688 etiam
1023 2635 1052 2687 in
1073 2636 1106 2688 iis
1125 2649 1191 2704 quaa
1213 2634 1335 2704 deinceps
1352 2638 1413 2689 suut

253 2720 338 2774 verbis
355 2719 446 2772 leviter
468 2722 576 2788 peccant
597 2734 687 2772 omues
710 2719 819 2773 cerices.
856 2720 951 2774 Omnes
975 2721 1043 2774 enim
1067 2720 1189 2775 exhibent
1211 2719 1291 2772 eundi
1307 2735 1354 2788 pro
1372 2734 1412 2785 eo,

253 2806 321 2875 quod
338 2804 484 2874 Naugerius
504 2807 574 2859 recte
597 2805 703 2874 scripsit
718 2804 817 2873 frodo,
838 2821 928 2859 omnes
948 2806 1103 2876 perfecerit,
1126 2805 1195 2875 quod
1217 2820 1275 2858 oum
1293 2805 1327 2858 ad
1342 2805 1412 2858 idem

253 2894 365 2960 tempus,
383 2906 434 2960 quo
452 2891 629 2960 proscriberet
648 2893 774 2959 pertinet,
799 2891 897 2970 referri·
916 2907 1020 2946 necesse
1044 2893 1092 2956 sit,
1109 2892 1244 2946 Ernestius
1266 2890 1411 2969 emendavit

250 2976 392 3045 perficeret.
426 2976 491 3029 Item
508 2977 540 3038 ,in
557 2977 676 3030 omuibus
697 2975 771 3029 libris
790 2992 838 3030 ms.
855 2980 896 3030 est
913 2977 994 3030 ceolis
1017 2977 1206 3044 cursimnoorlo,
1228 2976 1298 3044 quod
1319 2976 1411 3029 merito

252 3061 301 3115 hm
319 3063 505 3131 antiquissimis
523 3063 666 3117 editoribus
684 3061 815 3130 displicuit
832 3060 1027 3129 accepimusque
1044 3060 1114 3130 quod
1131 3060 1283 3115 Guilelmius
1301 3059 1411 3114 coniecit

252 3147 331 3201 oculis
349 3147 541 3216 conformando,
558 3147 628 3216 qnod
644 3149 672 3199 et
687 3147 779 3199 leviter
795 3146 892 3199 recedit
909 3149 948 3210 et,
968 3147 1084 3214 quamvis
1102 3147 1222 3201 similiter
1244 3147 1340 3199 dictum
1356 3160 1410 3199 nou

251 3234 397 3303 repererim,
413 3236 500 3286 tamen
518 3233 550 3285 de
563 3248 603 3297 eo,
621 3235 666 3302 qni
683 3233 763 3286 oculis
779 3234 910 3303 regionem
933 3237 1085 3289 contueatur
1107 3236 1213 3304 eiusque
1234 3234 1299 3288 flues
1324 3236 1409 3287 mente

252 3333 280 3371 ae
298 3317 441 3387 cupiditate
459 3317 597 3382 describat,
614 3322 683 3371 recte
700 3318 802 3371 ridetur
817 3333 896 3387 posse
913 3322 1041 3390 usurpari.

336 3428 377 3482 15.
392 3427 575 3497 promiserit.
610 3426 718 3482 (lodices
741 3443 829 3482 omnes
852 3430 975 3484 exhibent
985 3430 1175 3500 promutpoeit,
1197 3444 1273 3497 quem
1296 3442 1408 3481 errorem

250 3533 306 3570 cum
324 3516 423 3584 priores
441 3529 492 3568 non
509 3515 759 3580 animadvertissent,
776 3517 874 3583 primus
893 3515 999 3569 sustulit
1016 3515 1140 3568 Graevius
1159 3513 1318 3580 assensitque
1335 3510 1363 3564 G.
1376 3511 1407 3564 Τ.

250 3602 352 3670 Zumpt
370 3601 403 3654 ad
421 3598 474 3654 Cic.
491 3601 519 3652 in
538 3600 609 3653 Verr.
626 3600 659 3664 ll,
676 3600 719 3664 53,
739 3601 797 3665 131,
814 3618 890 3670 quem
908 3604 964 3655 sine
981 3601 1140 3653 dubitatione
1157 3600 1241 3652 secuti
1258 3613 1354 3651 sumus.
1373 3624 1406 3637 -—

250 3689 340 3742 docem
352 3688 408 3757 ipse
425 3688 486 3741 iarn.
514 3686 588 3752 Quod
599 3687 682 3740 adhuc
693 3687 818 3740 edebatur
828 3689 922 3740 doceat
937 3687 993 3755 ipse
1009 3703 1071 3738 ocra
1082 3700 1129 3753 epo
1147 3701 1220 3753 quem
1233 3698 1408 3753 possessorem

249 3773 394 3843 dossum,
410 3773 503 3826 salsum
521 3789 578 3827 esse
595 3773 670 3825 facile
685 3776 763 3841 patet.
800 3771 866 3826 Nam
883 3788 941 3824 cum
958 3786 1037 3839 supra
1054 3769 1174 3824 Sullanos
1190 3783 1354 3839 possessores
1372 3767 1406 3820 ab

249 3864 325 3917 Rullo
344 3861 447 3915 defendi
463 3861 612 3925 ostenderit,
625 3875 700 3925 nnnc,
717 3861 839 3929 quoniam
857 3874 885 3911 se
902 3859 986 3924 ipsum
999 3859 1087 3909 contm
1104 3855 1191 3924 pouit,
1208 3855 1249 3906 rel
1266 3853 1325 3906 illos
1343 3869 1359 3905 a
1376 3866 1405 3906 se

247 3964 299 4003 nou
318 3947 421 4001 defendi
439 3947 479 4000 vel
498 3947 563 4000 alios
581 3946 685 4000 defendi
702 3945 779 3999 debet
791 3945 894 3996 docere:
911 3957 970 3994 cum
987 3939 1051 3993 illud
1068 3954 1119 3992 nou
1135 3938 1221 4003 faciat,
1239 3940 1358 4006 superest
1373 3940 1404 3990 nt

248 4035 296 4088 boc
312 4034 399 4087 faciat
435 4032 500 4085 'lum
519 4033 611 4085 doeeot
626 4050 687 4084 num
705 4048 777 4100 quern
795 4041 969 4098 possessorem
990 4023 1126 4091 defendam
1142 4023 1191 4076 boe
1212 4023 1282 4075 ualet
1304 4022 1403 4077 nullum

248 4134 424 4189 possessorem
441 4118 558 4184 deiendi3
576 4121 604 4170 at
615 4117 735 4186 deinceps
754 4121 801 4181 ter,
818 4131 883 4184 quae
896 4114 1020 4175 nominat,
1036 4110 1228 4179 inreipublioae
1239 4110 1405 4176 possessione

249 4221 305 4260 esse
322 4206 367 4258 sit.
402 4204 526 4269 Efficitur,
545 4207 573 4256 ut
590 4205 681 4257 docere
702 4203 790 4255 iubeat
811 4216 863 4253 neu
887 4216 949 4252 aum
966 4213 1052 4265 ocem,
1075 4194 1120 4249 sed
1138 4211 1212 4263 qoem
1230 4211 1405 4265 possessorem

249 4291 379 4357 defendat,
387 4293 405 4344 i.
417 4308 440 4344 e.
452 4308 485 4344 ex
497 4306 547 4358 quo
564 4305 657 4359 genere
669 4289 721 4341 sint
737 4288 765 4350 ii,
784 4301 848 4356 quos
866 4284 955 4338 Gicero
967 4283 1096 4348 defendat,
1113 4297 1284 4352 possessores.
1311 4281 1404 4348 Quare,

249 4392 305 4430 cum
323 4377 452 4445 particula
468 4393 529 4428 aum
540 4377 567 4428 in
580 4374 698 4428 omuibus
710 4387 790 4440 prope
802 4372 874 4425 libris
886 4386 934 4424 ms.
948 4370 1097 4438 reperiatur,
1109 4370 1225 4421 extitisse
1236 4383 1293 4420 eam
1311 4382 1403 4422 censeo

250 4462 281 4516 ἐι
296 4479 337 4528 eo,
354 4462 496 4533 quoderat
513 4461 579 4525 iam,
596 4475 646 4529 quo
669 4457 756 4513 (licere
780 4458 998 4512 continuationem
1020 4457 1144 4512 orationis
1161 4454 1329 4527 significabat
1364 4452 1404 4509 ne
