3550 5492
793 573 1029 640 -103-

325 731 406 794 fecto
436 730 586 815 perficiet,
615 751 654 794 ne
676 732 794 798 diutius
823 736 917 802 inviti
948 739 1025 804 ferre
1055 743 1218 824 cogamini.
1278 747 1487 817 Veruntamen

326 839 425 914 cavet,
449 839 494 914 ut,
516 838 546 897 si
566 858 629 919 quc
644 842 782 925 pecunia
799 853 874 924 poet
895 864 952 906 roos
968 846 1106 909 ceruales
1130 870 1168 910 ec
1185 853 1271 914 nocis
1286 856 1487 935 vectipolibur

324 940 504 1022 recipiatur,
521 961 559 1000 ec
580 939 677 1002 Xoiri
696 951 837 1015 utacum
859 963 939 1009 nova
957 967 1047 1030 porro
1067 948 1229 1031 vectigalia
1250 952 1335 1018 videt
1356 976 1392 1019 ea
1412 958 1485 1039 iore,

265 1088 268 1125 ἶ
326 1060 408 1123 qnae
430 1038 594 1124 Pompeius
615 1039 801 1105 adiunxerit.
845 1044 894 1108 Ita
920 1050 1058 1118 remissis
1086 1053 1257 1137 manubiis,
1286 1057 1485 1142 vectigalibus

265 1194 268 1231 ξ
322 1143 392 1209 eius
414 1143 531 1206 virtute
551 1142 649 1227 partis
671 1164 704 1206 se
726 1145 788 1208 frui
809 1153 900 1230 putat
922 1157 1066 1236 oportere.

409 1279 502 1344 Parta
523 1280 726 1374 sitlpecuuia,
751 1282 894 1368 Quirites,
917 1288 1022 1353 Xriris
1043 1295 1140 1373 tanta,
1163 1299 1281 1376 quanta
1302 1296 1344 1360 sit
1365 1297 1399 1362 in
1421 1304 1483 1364 ter-

319 1382 375 1465 ris,
399 1382 478 1447 nihil
507 1386 758 1468 praetermissum
795 1387 850 1470 sit,
888 1410 993 1453 omnes
1020 1391 1129 1471 urbes,
1165 1395 1248 1477 agri,
1271 1416 1366 1478 regna
1395 1398 1483 1464 deni·

319 1509 392 1572 que,
414 1492 566 1572 postremo
588 1489 682 1553 etiam
704 1492 868 1575 vectigalia
882 1497 986 1556 vestra
1001 1494 1165 1577 venierint,
1178 1499 1361 1564 accesserint
1380 1501 1415 1564 in
1429 1523 1482 1566 cu-

318 1589 444 1655 mulum
465 1591 631 1655 manubiae
649 1599 821 1660 vestrorum
844 1597 1082 1681 imperatorum:
1105 1607 1240 1683 quantae
1255 1609 1286 1667 et
1307 1626 1401 1689 quam
1422 1606 1481 1671 im-

316 1714 429 1759 manes
452 1693 580 1758 divitiae
594 1695 701 1761 Xriris
723 1697 757 1762 in
773 1700 869 1764 tantis
892 1700 1097 1783 auctionibus,
1120 1707 1166 1766 tot
1187 1703 1321 1788 iudiciis,
1344 1714 1410 1771 tam
1431 1709 1481 1774 in-

317 1795 411 1861 finita
438 1803 590 1881 potestate
617 1821 721 1864 rerum
750 1802 888 1868 omnium
919 1809 1107 1886 quaerantur
1133 1806 1255 1872 videtis.
1301 1811 1600 1894 Cognoscite63,lffl

317 1920 403 1963 nunc
425 1899 501 1963 alios
523 1899 689 1965 immensos
711 1907 803 1986 atque
825 1903 1034 1971 intolerabiles
1058 1915 1213 1992 quaestus,
1240 1917 1276 1975 ut
1296 1914 1479 1996 intelligatis

301 2002 357 2078 ‚ad
379 2008 532 2067 certorum
555 2002 715 2069 hominum
738 2006 948 2090 importunam
971 2010 1135 2075 avaritiam
1157 2013 1213 2076 hoc
1232 2016 1378 2099 populare
1399 2015 1476 2098 legis

315 2103 455 2187 agrariae
477 2124 589 2168 nomen
612 2126 678 2169 esse
700 2107 886 2190 quaesitum.
931 2109 998 2174 Hac
1020 2113 1152 2196 pecunia
1173 2114 1259 2179 iubet
1288 2136 1376 2200 agros
1403 2117 1476 2199 emi,

399 2321 508 2370 perficiat.
522 2340 547 2349 -
560 2325 641 2368 quanto
657 2325 694 2360 est.

305 2501 397 2567 βάσις
415 2503 473 2570 ipsa
490 2501 616 2568 particula
629 2489 758 2569 profecto,
777 2518 841 2569 quae
859 2504 962 2557 adiecta
979 2507 1027 2571 est,
1048 2505 1151 2559 modum
1173 2510 1243 2560 certo
1266 2509 1474 2575 pronuntiantem

311 2586 427 2656 requirit.
445 2614 479 2624 -·
501 2584 679 2640 Veruntamen.
706 2589 783 2640 Redit
800 2588 832 2640 ad
850 2591 1028 2658 exceptionem
1041 2592 1067 2643 in
1085 2592 1207 2660 Pompeio
1227 2591 1321 2646 iactam
1339 2595 1474 2664 causisque

311 2688 358 2727 cur
375 2665 445 2725 iacta
462 2674 496 2726 sit
512 2673 653 2726 interiectis
670 2673 766 2725 nullam
791 2689 847 2726 earn
871 2677 975 2743 proprie
992 2691 1049 2728 esse
1071 2677 1178 2745 parique
1194 2678 1303 2729 iniuriae
1325 2678 1382 2748 lege
1399 2678 1474 2733 Pom·

312 2761 399 2828 peium
417 2760 543 2812 contineri
561 2759 676 2826 exponit.
712 2758 820 2812 Brerius
838 2760 907 2812 idem
925 2763 1047 2812 executus
1065 2764 1106 2813 est
1123 2765 1187 2814 orat.
1205 2762 1241 2826 I§
1252 2761 1284 2814 13
1302 2764 1348 2816 red
1364 2765 1409 2816 cci
1419 2782 1474 2818 mc·

312 2844 407 2898 motae
424 2845 541 2907 remittit,
559 2845 588 2896 in
605 2845 681 2896 buius
698 2845 840 2913 vectiqolt'a
857 2845 966 2898 r'rrcodit.
983 2874 1017 2883 -
1034 2845 1121 2898 Porto
1138 2848 1173 2899 sit
1185 2849 1308 2915 pecunia.
1338 2848 1473 2904 Absolutis

311 2931 344 2984 iis
362 2946 430 3000 quae
449 2930 481 2983 de
492 2928 638 2983 venditione
657 2928 767 2981 dicenda
779 2932 860 2992 erant,
878 2928 912 2980 ad
924 2943 1019 2981 norum
1037 2934 1115 2998 caput
1132 2930 1164 2983 de
1175 2932 1305 2999 emptione
1322 2935 1472 3001 aggreditur

312 3016 494 3084 concluditque
510 3017 621 3087 priorem
638 3016 725 3069 locum
742 3016 913 3080 coniunctiro,
932 3015 976 3083 qui
994 3017 1124 3085 tamquam
1141 3017 1266 3070 concedat
1282 3020 1416 3086 superiora
1432 3037 1470 3073 re-

310 3102 458 3170 liquamque
476 3103 508 3156 de
525 3103 557 3156 iis
570 3103 770 3170 disputationem
788 3119 804 3154 a
820 3117 848 3153 se
866 3102 950 3154 omitti
962 3102 1097 3169 significet,
1115 3104 1188 3171 quasi
1206 3103 1286 3155 dicat:
1305 3103 1378 3168 Esto,
1394 3109 1471 3173 parta

309 3189 343 3241 sit
360 3190 484 3256 pecunia:
502 3189 564 3255 qnid
580 3189 631 3240 iam
649 3203 680 3239 ea
691 3187 785 3248 facturi
803 3187 885 3240 estis?
908 3186 975 3239 Nam
992 3187 1153 3254 parenthesis
1172 3187 1373 3250 cuiusdamlooo
1390 3191 1470 3244 inter-

309 3273 395 3340 posita
412 3275 482 3337 sunt,
499 3272 690 3341 quaeproxime
703 3274 846 3339 sequuntur
856 3278 969 3337 quantoe
979 3299 1012 3307 —
1022 3271 1131 3324 divitiae
1141 3299 1174 3308 -
1187 3281 1348 3340 praecatur
1364 3275 1467 3330 videtis.

310 3357 360 3410 Sed
379 3362 409 3411 ut
427 3359 581 3411 coniunctiri
592 3355 723 3423 eleganter
734 3354 912 3422 procederent,
928 3355 1211 3423 opuseratLauredanl
1229 3360 1376 3412 coniectura
1387 3377 1467 3430 prae·

262 3433 264 3439 ¹
308 3445 452 3513 umbrans
463 3444 505 3507 sit,
523 3458 608 3495 omnes
626 3441 708 3505 orbes,
727 3457 774 3509 pro
786 3458 837 3510 qna
849 3441 918 3510 quod
935 3441 1036 3495 codices
1047 3442 1171 3510 praebent
1183 3446 1402 3512 presenciarum,
1420 3447 1467 3500 sed

309 3546 394 3584 omnes
411 3530 498 3592 orbec,
518 3529 583 3581 mire
604 3529 746 3581 orationem
769 3527 889 3581 infirmat.
924 3527 1116 3582 Dubitationem
1139 3533 1224 3582 autem
1246 3531 1333 3584 attulit
1355 3533 1465 3601 primum

308 3621 406 3684 quauta
423 3616 459 3667 rit
474 3616 504 3667 in
522 3616 607 3678 terrio,
625 3630 673 3683 pro
691 3630 741 3682 quo
752 3613 918 3684 Wesenberg.
937 3615 970 3667 ad
983 3613 1047 3668 orat.
1065 3631 1090 3682 p.
1104 3614 1171 3668 Sest.
1184 3632 1209 3683 p.
1220 3616 1254 3668 48
1266 3618 1356 3670 scribit
1367 3623 1465 3686 quauta

307 3708 344 3754 ert
360 3701 389 3752 in
404 3695 489 3753 terrie.
517 3699 590 3764 Quod
607 3700 630 3751 si
647 3699 803 3767 reperiretur
819 3700 846 3752 in
859 3699 999 3763 codicibus,
1018 3713 1091 3751 nemo
1110 3696 1281 3767 vituperaret;
1299 3701 1402 3754 sedeur
1413 3717 1466 3755 nou

306 3788 382 3841 etiam
400 3787 592 3840 coniunctirum
609 3785 730 3848 ieramus,
748 3785 791 3853 qui
808 3787 890 3837 totam
908 3784 974 3836 hanc
997 3783 1171 3836 conficiendae
1189 3785 1313 3851 pecuniae
1330 3787 1465 3850 rationem,

306 3876 332 3926 ut
347 3873 454 3927 minime
472 3876 542 3927 certa
566 3876 622 3925 erat
638 3888 686 3925 nec
704 3871 818 3925 accidere
842 3874 945 3938 poterat
967 3871 1018 3923 uisi
1042 3873 1148 3938 accepta
1165 3870 1236 3938 lege,
1257 3871 1285 3922 in
1308 3871 1465 3938 cogitatione

307 3959 418 4025 positam
435 3972 493 4010 esse
511 3956 656 4025 significet?
691 3955 769 4008 Varie
785 3956 849 4008 haec
866 3958 978 4023 possunt
995 3955 1156 4023 pronuntiari
1174 3954 1345 4022 vitandaeque
1362 3956 1389 4007 in
1407 3956 1465 4008 tali-

306 4041 351 4096 bus
377 4045 456 4097 etiarn
482 4045 592 4098 leuiores
610 4042 727 4097 codicum
752 4043 915 4106 mutationes,
943 4058 976 4095 ne
1002 4043 1155 4110 scriptorem
1181 4042 1264 4110 ipsum
1292 4041 1462 4095 emendemus.

304 4127 420 4182 Alterum
447 4131 587 4184 notandum
610 4135 651 4184 est
675 4130 752 4194 illud,
779 4129 847 4198 quod
865 4131 892 4183 h.
909 4130 926 4182 l.
946 4130 1060 4198 appellat
1081 4137 1179 4183 cestros
1205 4130 1383 4198 imperotores,
1404 4143 1463 4182 cum

305 4229 381 4284 supra
398 4218 413 4281 ξ
431 4216 462 4268 61
482 4217 518 4269 sit
535 4218 703 4286 imperatores
720 4224 829 4270 coetos.
867 4215 903 4269 At
919 4216 973 4269 illic
996 4217 1192 4285 opponebantur
1214 4222 1360 4270 ecterrrrcm
1379 4213 1463 4266 octio-

305 4316 363 4354 nom
380 4302 507 4366 hemines,
524 4302 565 4354 hic
583 4300 756 4368 adiunguntur
773 4301 916 4370 occupatio
932 4308 1028 4353 cestro.
1050 4330 1084 4338 -
1107 4302 1264 4355 accesserint
1279 4301 1308 4352 io
1325 4299 1461 4363 cumulum,

305 4391 332 4440 ut
347 4405 374 4456 p.
394 4388 493 4443 (llueut.
512 4385 597 4453 27,74
614 4391 645 4440 ut
660 4389 697 4440 cd
713 4389 841 4441 cumulum
858 4403 903 4456 ope
920 4389 1048 4440 maiorum
1061 4388 1241 4456 praemiorum
1257 4386 1340 4456 ipsius
1358 4383 1463 4438 Staieni

304 4475 429 4528 metentis
451 4474 561 4544 septimo
583 4474 682 4526 decimo
702 4473 842 4526 accederet.
879 4470 931 4524 Sed
952 4474 1055 4539 poterat
1076 4471 1270 4534 etiamdicere,
1292 4470 1368 4537 idque
1385 4468 1461 4535 louge
1553 4467 1555 4472 '

303 4558 460 4629 beqnentiuo
481 4560 525 4619 fit:
552 4557 690 4613 ccccaurit
712 4557 827 4610 curuatas
849 4555 1030 4610 rncmdicrum
1052 4557 1108 4611 siro
1132 4573 1164 4611 aa
1186 4554 1314 4609 macrobiis
1337 4555 1391 4608 sire
1407 4570 1462 4606 uro·

303 4644 397 4716 nes.
