3550 5492
839 598 942 645 XXVIII

311 739 465 824 imprimis
492 739 619 803 relativo
646 719 778 823 peccari:
808 759 846 803 ex
868 739 923 802 hoc
945 756 1055 822 genere
1077 737 1182 819 effero,
1213 735 1292 821 quod
1315 733 1472 820 singulari

312 850 475 933 diligentia
496 849 678 935 pronomina
698 875 755 915 noc
778 856 808 915 et
829 875 898 932 voe,
927 862 1029 914 noster
1051 854 1083 914 et
1103 860 1199 912 ccetcr
1226 847 1271 912 ita
1292 847 1472 931 distinguit,

310 968 347 1026 ut
360 966 427 1025 tuto
449 982 520 1025 eum
541 961 655 1044 ubique
676 962 765 1045 sequi
786 961 892 1043 liceat,
914 962 995 1046 quod
1016 961 1060 1039 II,
1089 963 1124 1041 6,
1156 961 1195 1023 14
1218 959 1300 1023 solus
1329 959 1474 1024 omnium

255 1073 259 1080 ’
310 1072 404 1136 habet
424 1076 541 1148 studio,
563 1071 607 1153 ll,
633 1073 751 1149 11‚27
778 1072 927 1150 Quirites,
957 1073 1001 1154 H,
1026 1073 1081 1154 ll,
1104 1074 1145 1137 29
1167 1077 1318 1150 nascitur,
1346 1071 1392 1149 H,
1420 1072 1471 1153 15,

311 1184 352 1268 39
377 1188 514 1271 primum
544 1188 624 1246 enim
651 1187 708 1246 lcoc
735 1205 865 1267 quaero,
901 1184 945 1262 II,
977 1184 1031 1262 18,
1061 1184 1102 1247 48
1132 1184 1260 1246 Italiam
1281 1187 1473 1268 percensuit,

263 1274 265 1276 ’
310 1295 355 1372 u,
383 1295 440 1372 21,
469 1294 509 1358 57
539 1298 764 1357 amoenissimis
790 1297 937 1367 ccccm,
964 1294 1008 1375 n,
1038 1296 1093 1371 25,
1124 1296 1165 1360 ee
1193 1297 1226 1358 c
1248 1294 1376 1358 naccam
1405 1295 1473 1368 ccc

314 1408 525 1486 deducamini,
540 1405 585 1485 II,
601 1405 658 1486 30,
681 1405 723 1470 83
739 1409 874 1490 cepediti
887 1409 931 1469 ad
943 1409 1064 1478 urbem,
1086 1405 1132 1487 ss,
1156 1406 1212 1486 31,
1236 1406 1276 1469 86
1299 1431 1320 1467 a
1336 1403 1473 1477 Stellati,

309 1516 353 1594 ΙΙ,
377 1515 434 1597 34,
468 1518 510 1580 90
539 1515 794 1600 Cartbcqinc‘eruc
820 1522 851 1580 et
873 1518 980 1591 Peroe,
1007 1517 1066 1596 III,
1095 1517 1135 1588 2,
1159 1518 1178 1579 6
1204 1515 1259 1580 Cn.
1295 1514 1472 1580 Carbonem

309 1627 430 1713 aliaque
452 1627 596 1713 plurima.
631 1713 633 1716 .
826 1636 828 1639 ’

398 1741 608 1804 Veruntamen
630 1739 728 1822 magis
744 1739 836 1803 etiam
859 1739 953 1805 huius
975 1739 1088 1805 codicis
1110 1739 1258 1804 virtutem
1280 1738 1365 1803 aliud
1387 1738 1471 1803 inte·

314 1851 435 1934 gritatis
458 1871 554 1934 genus
576 1850 763 1916 demonstrat
784 1851 918 1933 maxime
941 1851 1087 1915 notabile
1129 1850 1210 1926 Quid
1238 1836 1323 1914 enim
1346 1850 1473 1934 saepius

311 1962 345 2024 irr
369 1962 522 2026 codicibus
545 1962 670 2042 eccidit,
699 1983 792 2046 quam
813 1966 850 2026 ut
870 1961 1011 2047 scriptori
1040 1960 1245 2026 adiicerentur
1273 1961 1386 2039 abiis,
1415 1962 1473 2046 qui

311 2071 449 2155 legerent
478 2071 527 2136 vel
555 2073 751 2158 interpretari
771 2078 939 2158 cuperent,
977 2078 1066 2137 notae
1096 2073 1185 2138 modo
1212 2073 1307 2137 unius
1329 2071 1473 2137 vocabuli

310 2183 399 2254 modo
421 2182 566 2268 longioris
588 2184 773 2266 sententiae,
797 2206 875 2269 quae
898 2185 1085 2249 noteedum
1107 2184 1295 2268 negligentia
1304 2182 1472 2269 ‘paulatim

310 2295 343 2358 in
365 2295 433 2380 ipsa
453 2295 609 2380 scriptoris
636 2297 728 2361 verba
748 2297 948 2381 perveniunt,
979 2303 1087 2362 notum
1108 2301 1156 2360 est
1176 2300 1325 2381 quantam
1345 2299 1471 2380 pertur-

308 2406 644 2471 bationemediderint.
690 2408 755 2483 Quo
777 2429 888 2491 genere
910 2408 981 2473 vitii
1002 2408 1037 2472 in
1059 2407 1194 2472 oratione
1223 2406 1319 2471 altere
1347 2407 1471 2490 agraria

308 2517 395 2600 (nam
417 2517 508 2580 tertia
535 2539 570 2581 eo
591 2524 694 2597 vacat,
715 2519 817 2604 prima
843 2519 941 2584 multo
963 2519 1111 2603 integrior
1138 2519 1198 2603 est)
1221 2539 1325 2584 omnes
1347 2524 1470 2603 praeter

242 2654 244 2657 ·
308 2628 391 2692 hunc
413 2627 487 2711 Irag.
512 2631 531 2693 9
554 2629 671 2695 codices
698 2643 880 2717 magnopere
908 2631 1057 2697 laborent.
1101 2630 1195 2696 Velut
1215 2631 1259 2712 II,
1287 2631 1322 2711 4,
1353 2630 1470 2693 9reli-

309 2739 362 2824 qui
391 2761 495 2805 omnes
522 2741 661 2810 scribunt
687 2755 721 2806 ct
749 2756 777 2806 ct
804 2768 858 2807 cce
888 2756 915 2807 et
944 2747 1078 2807 maiores
1105 2746 1198 2806 vestri
1225 2753 1252 2806 ct
1279 2743 1470 2821 fortissimus

308 2853 435 2936 quisquc
456 2856 503 2915 cir
524 2857 677 2917 macimoe
699 2856 820 2918 labores
842 2857 1054 2939 suscipiendos
1071 2864 1173 2938 putet,
1198 2853 1232 2918 in
1254 2852 1367 2937 quibus
1388 2850 1470 2916 illud

309 2976 337 3026 ct
357 2968 492 3028 maiores
513 2969 609 3029 vcetrc‘
634 2970 700 3031 tam
726 2955 870 3051 ineptum
895 2971 956 3047 est,
987 2972 1025 3030 ut
1053 2965 1147 3029 etiem
1173 2964 1281 3029 invitis
1311 2963 1470 3029 codicibus

216 3064 219 3070 ’
308 3074 456 3166 editiones
474 3075 614 3140 omittere
629 3076 806 3157 debuerint3
829 3082 861 3141 at
876 3077 986 3157 Legit
1004 3075 1087 3141 solus
1108 3074 1249 3157 ignorate
1261 3073 1412 3136 Similiter
1429 3076 1469 3153 ΙΙ,

312 3186 340 3263 1,
364 3187 383 3250 3
405 3211 465 3271 quo
486 3190 578 3252 modo
594 3193 695 3272 pauci
721 3189 858 3253 coeuntes
879 3190 913 3250 in
940 3190 998 3250 tce
1022 3188 1140 3250 ciuitate
1154 3185 1343 3267 jectiscunt,
1372 3187 1470 3250 ascri-

308 3302 418 3381 pserat·
443 3298 597 3383 quispiam
628 3300 745 3364 nobiles
768 3319 838 3362 esse
865 3296 1099 3380 intelligendos,
1136 3294 1322 3379 quodcum
1351 3293 1468 3380 reliqui

308 3408 380 3478 libri
409 3430 466 3473 me.
511 3410 650 3474 Ciceroni
678 3410 833 3491 tribuent,
870 3410 944 3492 Lag.
974 3411 993 3472 9
1021 3405 1151 3486 omittit3
1187 3406 1231 3488 Π,
1260 3408 1307 3483 7,
1335 3407 1373 3469 19
1402 3429 1470 3473 non

308 3520 479 3586 sufficiebat
500 3521 628 3604 reliquis
656 3524 740 3606 quod
760 3521 873 3605 populi
898 3512 1018 3604 semper
1037 3519 1099 3602 scit
1120 3517 1363 3601 addideruntque
1385 3542 1468 3604 pro-

304 3636 433 3718 prium,
446 3631 525 3717 quod
548 3630 600 3696 ille
622 3653 704 3696 unus
726 3631 852 3709 abiecit3
880 3630 926 3712 ll,
951 3630 1007 3711 12,
1039 3630 1089 3710 30,
1112 3629 1166 3693 ubi
1188 3633 1234 3693 est
1254 3632 1284 3692 ei
1304 3632 1372 3712 quis
1394 3629 1469 3710 (tri-
1494 3630 1496 3635 ’

299 3743 424 3830 'bunne'
430 3743 544 3828 plebis)
572 3768 610 3806 cc
627 3754 777 3829 potestate
799 3740 1042 3825 (intercedendi)
1068 3752 1111 3804 cet
1131 3765 1221 3814 uoce,
1251 3743 1470 3813 ecietimcmue,

280 3832 283 3838 ¹
308 3853 459 3941 adiecerat
486 3840 599 3939 aliquis
626 3853 661 3918 in
687 3852 826 3936 margine
854 3865 964 3916 temere
992 3852 1085 3938 idque
1112 3852 1228 3916 feratur
1255 3851 1290 3914 in
1315 3849 1468 3933 margine,

269 3970 274 3979 '
308 3964 362 4028 sed
383 3985 454 4038 eum
476 3965 615 4049 Ciceroni
636 3964 838 4046 tribueretur,
860 3964 994 4049 perierat
1013 3963 1175 4029 sententia.
1208 3961 1254 4027 ef.
1276 3961 1320 4042 Π,
1347 3962 1400 4041 16,
1421 3963 1468 4026 43

307 4081 339 4139 et
363 4075 417 4157 18,
439 4076 480 4141 48
504 4080 534 4140 et
557 4076 612 4154 36,
641 4078 697 4156 99;
714 4075 748 4157 l,
772 4078 807 4157 7,
837 4077 876 4140 21
901 4081 932 4141 et
954 4077 999 4158 8,
1019 4076 1071 4140 25.
1116 4075 1347 4157 Nonnunquam
1368 4062 1468 4136 etiam

177 4179 182 4190 '
308 4199 379 4250 cum
401 4186 512 4252 vitium
527 4186 652 4271 aliquod
672 4186 860 4273 irrepsisset,
883 4188 1033 4275 interpres
1054 4188 1087 4253 id
1112 4187 1283 4253 inserendis
1305 4186 1467 4253 nonnullis

307 4297 463 4363 vocabulis
496 4298 602 4363 tollere
630 4299 769 4364 voluerat
796 4320 832 4365 ec
864 4300 976 4387 reliqui
1009 4300 1125 4365 codices
1154 4300 1328 4386 suppletam
1353 4297 1399 4361 ite
1429 4319 1468 4363 ae

308 4408 521 4474 concinnatam
558 4409 726 4476 orationem
758 4416 916 4498 repetunt,
953 4412 1027 4496 Lag.
1056 4415 1075 4476 9
1109 4412 1222 4477 omisso
1250 4409 1466 4495 supplemento

225 4534 229 4539 ¹
307 4519 420 4584 viuum
442 4525 565 4585 cantum
592 4521 699 4605 haut,
728 4522 808 4606 quoe
829 4523 885 4588 un
908 4499 970 4587 n'vi
992 4523 1096 4608 acqua
1118 4521 1330 4586 emendatione
1359 4526 1466 4586 sustu-

308 4629 395 4715 leris,
429 4632 551 4717 elegans
579 4654 620 4698 ac
640 4632 802 4732 praeclara·
828 4634 982 4700 sententia
1008 4634 1123 4700 existit.
1151 4629 1212 4697 'Gi
1240 4631 1394 4717 imprimis
1422 4632 1464 4715 ll,
