3550 5492
960 569 1004 622 XX

404 705 510 797 Neque
538 709 677 778 codicum
699 734 756 777 ms.
782 714 947 779 arroteritas
974 735 1029 780 nos
1058 735 1179 780 movere
1208 715 1312 797 debet,
1349 736 1479 801 quornm
1509 716 1565 801 qui

406 824 541 911 optimus
563 830 618 908 est,
641 825 734 892 libros
756 846 818 891 non
833 825 977 913 appellat,
1000 847 1038 890 ex
1052 825 1179 911 reliquis
1201 825 1338 912 plerique
1360 848 1433 893 sane
1456 827 1565 913 appel-

404 937 480 1020 lant,
503 937 557 1002 sed
578 937 667 1003 modo
690 938 813 1005 brevius
834 939 924 1004 modo
944 939 1103 1025 copiosius
1126 961 1161 1004 ao
1183 961 1253 1005 curn
1275 961 1311 1004 ea
1333 941 1498 1022 varietate,
1529 946 1566 1005 ut

402 1048 544 1117 librarios
571 1049 667 1114 etiam
695 1071 766 1115 cum
787 1055 905 1116 certum
927 1049 1062 1135 aliquem
1084 1050 1211 1116 titulum
1238 1051 1422 1136 reperirent,
1445 1053 1479 1117 in
1504 1051 1564 1116 hac

402 1170 508 1226 tamen
529 1183 562 1226 re
584 1161 708 1245 ingenio
730 1182 785 1226 suo
812 1160 978 1227 indulsisse
1005 1168 1118 1246 pateat.
1162 1161 1257 1246 quue
1283 1163 1382 1247 magis
1405 1163 1502 1228 etiam
1525 1183 1563 1227 ex

402 1273 520 1358 primae
541 1272 687 1339 orationis
708 1271 909 1357 inscriptione
930 1272 1134 1357 intelligitur,
1164 1273 1251 1338 onius
1279 1294 1349 1338 oum
1371 1273 1562 1360 principium

401 1384 531 1470 perisset
551 1383 585 1448 in
608 1403 652 1467 eo,
676 1404 713 1448 ex
729 1404 789 1468 quo
811 1403 917 1448 omues
935 1383 1053 1450 codices
1075 1390 1252 1466 manarunt,
1278 1385 1425 1470 exemplo,
1447 1384 1562 1450 titulus

399 1488 505 1561 tamen
526 1495 609 1560 idern
629 1498 706 1578 fere,
729 1496 782 1580 qui
802 1496 838 1563 in
860 1496 987 1581 reliquis
1010 1496 1214 1580 orationibus,
1235 1496 1425 1562 inscribitur.
1471 1497 1559 1574 Quae

400 1629 472 1678 cnm
493 1606 538 1672 ita
557 1612 669 1690 essent,
692 1607 804 1672 harum
818 1607 1008 1691 agrariarum
1024 1608 1206 1691 orationum,
1229 1630 1360 1693 quarum
1381 1607 1471 1692 quasi
1494 1629 1562 1673 cor-

399 1739 459 1803 pus
482 1718 635 1803 quoddam
657 1718 825 1801 effecimus,
847 1718 905 1784 hac
928 1721 1082 1785 communi
1098 1720 1296 1805 inscriptione
1317 1720 1368 1785 usi
1383 1741 1502 1802 sumus,
1526 1727 1564 1786 ut

399 1850 450 1902 eas
473 1833 512 1895 de
534 1831 601 1913 legra
625 1833 760 1921 apiaria?
778 1829 1013 1916 appellaremus,
1036 1834 1104 1893 tum
1126 1829 1258 1916 primam
1277 1820 1342 1898 Cal.
1363 1832 1433 1896 Ian.
1454 1835 1495 1895 inv
1512 1855 1561 1896 aa·

397 1954 473 2007 natac
493 1945 646 2015 dealitate,
669 1941 797 2006 alteram
825 1947 856 2006 et
882 1941 1006 2006 tertiam
1030 1944 1075 2005 ed
1088 1942 1243 2025 populana
1270 1943 1393 2006 liabitas
1415 1927 1570 2008 nomina-¹

397 2053 509 2118 vimus.
1096 2114 1098 2120 ,
1544 2046 1546 2052 ’

482 2165 694 2230 Veruntamen
716 2162 877 2229 historiam
905 2162 1017 2227 harum
1045 2162 1218 2227 orationum
1245 2161 1436 2247 agrarlarum
1462 2161 1560 2249 etiarn

396 2297 450 2362 per
470 2277 570 2362 ipsam
585 2273 803 2359 antiquitatem
819 2273 1005 2359 quibusdam
1016 2273 1137 2355 levibus
1153 2274 1242 2365 quasi
1256 2274 1396 2358 vestigiis
1412 2276 1559 2360 persequi

396 2387 477 2453 licet.
533 2387 658 2463 Etenim
691 2387 772 2472 quod
804 2407 905 2451 unum
938 2384 1032 2450 huius
1067 2386 1186 2469 generis
1220 2387 1253 2450 in
1286 2385 1373 2452 libris
1395 2386 1559 2452 ‘Tullianis

396 2499 571 2586 exemplum
593 2504 650 2582 est,
673 2499 765 2563 multi
787 2498 905 2563 codices
927 2497 1054 2564 alterius
1077 2498 1223 2564 orationis
1247 2497 1337 2564 titulo
1359 2499 1393 2563 in
1415 2499 1559 2583 margine

395 2611 470 2686 haec
496 2610 671 2676 adiiciuntz·
698 2612 878 2687 Emendavi
905 2613 949 2675 ad
978 2613 1122 2675 lironem
1153 2623 1181 2675 et
1209 2611 1450 2676 Latoniannm..
1472 2612 1559 2676 Acte

393 2726 463 2808 ipso
489 2719 633 2803 Cicerone
656 2734 684 2786 et
707 2723 842 2788 Antonio
865 2747 926 2788 coe.
951 2735 1029 2787 ovat.
1056 2721 1220 2798 XXIIII.
1255 2703 1489 2807 In'eacmplavv'
1511 2726 1558 2787 aie

354 2864 370 2930 ,-
385 2834 462 2916 fait.
495 2832 639 2898 Statilino
654 2835 814 2908 Marcianas
828 2858 952 2898 ineman
967 2836 1128 2899 emendavi
1142 2835 1185 2898 ad
1198 2834 1341 2898 lironem
1357 2844 1385 2897 et
1396 2832 1556 2905 Letania-

392 2970 466 3011 nvm
489 2958 517 3010 et
529 2946 625 3010 Doni.
649 2959 677 3011 et
698 2948 777 3012 alios
799 2959 914 3012 veteres
930 2947 998 3012 III.
1027 2923 1135 3026 Oratio
1152 2948 1275 3009 eximia.
1309 2945 1393 3021 Quae
1405 2963 1480 3039 ⁴oum
1496 2965 1554 3030 ap-

392 3063 498 3142 pareat
513 3079 577 3122 esse
593 3058 747 3136 mendosa,
770 3058 911 3122 extitisse
925 3057 1040 3122 vitium
1057 3055 1275 3121 arbitrabimur
1298 3055 1406 3118 eadem
1419 3056 1554 3140 ratione,

393 3185 456 3252 qua
477 3166 593 3231 multae
608 3167 747 3232 codicum
761 3167 1001 3257 subscriptiones
1018 3171 1176 3251 corruptae
1199 3169 1281 3256 sunt,
1304 3170 1341 3229 ut
1355 3184 1426 3228 cum
1447 3165 1552 3232 titulis

391 3278 658 3364 permiscerentur.
696 3277 747 3344 Sia
769 3278 853 3344 enirn
874 3280 910 3344 in
932 3264 1149 3363 antiquissimo
1164 3276 1302 3362 exemplo
1318 3276 1413 3342 fuisse
1429 3298 1555 3344 censeo:

393 3390 536 3454 Statilius
567 3391 727 3473 Mescinius
763 3413 887 3470 ravavm
916 3391 961 3454 M.
998 3389 1125 3453 Tullii
1152 3390 1355 3455 Ciceronis
1389 3391 1432 3452 de
1466 3389 1555 3473 lepe

393 3504 563 3591 api-avia
585 3505 714 3566 ovatio
743 3504 905 3579 emendavi
931 3502 975 3565 ad
998 3502 1139 3564 lironem
1168 3479 1432 3565 etLetanianam
1460 3515 1554 3568 acta

391 3617 477 3698 ipso
502 3604 691 3679 Cicerone
722 3625 756 3679 et
776 3613 948 3678 Antonio
976 3635 1047 3676 eoo.
1077 3636 1128 3676 ov.
1154 3612 1347 3676 XXIIII.
1371 3624 1399 3676 et
1420 3614 1501 3678 dona.
1527 3626 1555 3678 et

392 3726 471 3790 alios
492 3739 606 3792 vetem
629 3724 698 3793 III.
722 3730 822 3790 oratio
841 3704 963 3797 eaimi'a,
986 3723 1056 3789 allis
1077 3723 1191 3812 litteris
1206 3722 1300 3801 tituli,
1323 3721 1392 3788 allis
1414 3724 1553 3792 subscri·

386 3836 514 3919 ptionis.
556 3837 617 3902 Sed
646 3859 716 3902 curn
744 3837 871 3903 initium
899 3835 1030 3921 paginae
1057 3835 1204 3921 perisset,
1219 3898 1220 3902 ,
1234 3854 1296 3900 non
1324 3834 1412 3899 modo
1440 3833 1553 3900 titulus

391 3932 537 4022 orationis
559 3947 764 4030 haustusest
783 3949 891 4037 (atque
919 3946 977 4011 hac
1003 3946 1041 4010 de
1070 3957 1162 4012 'causa
1190 3945 1279 4009 illam
1308 3945 1345 4009 de
1373 3965 1435 4029 qua
1461 3945 1553 4012 modo

392 4057 457 4124 dixi
479 4059 641 4141 titulorum
660 4060 695 4125 in
718 4059 872 4134 codicibus
886 4058 1067 4124 varietatem
1083 4057 1230 4124 accidisse
1251 4056 1420 4141 existimo),
1442 4059 1569 4123 verum

391 4171 485 4250 otiam
513 4170 748 4256 subscriptionis
775 4170 981 4257 principium,
1010 4169 1090 4254 quod
1119 4190 1191 4264 ¹cum
1220 4174 1325 4237 tamen
1351 4168 1401 4234 vel
1428 4168 1463 4232 in
1490 4169 1575 4235 alio·

390 4282 530 4366 exemplo
552 4282 601 4347 vel
623 4282 725 4348 nescio
737 4303 807 4367 uquo
829 4303 904 4347 casu
919 4277 1075 4347 servatum
1097 4281 1185 4364 e'sset,
1208 4280 1263 4345 illa
1279 4281 1382 4345 extitit
1399 4281 1551 4364 confusia,

390 4411 484 4478 quam
505 4394 539 4458 in
562 4394 674 4460 nostris
689 4394 844 4459 codicibus
859 4394 1018 4459 miramur.
1052 4393 1243 4480 Subscriptio
1264 4392 1359 4476 igitur
1381 4391 1456 4456 haec
1471 4392 1560 4477 inita

391 4503 535 4570 Statilius
557 4508 719 4571 Maeimva
740 4530 864 4573 rursum
886 4507 1047 4571 emendavi
1067 4507 1111 4569 ad
1121 4493 1267 4570 ¹Tironem.
1288 4516 1316 4567 et
1336 4503 1551 4570 Letanianain
1574 4505 1577 4510 ’

389 4627 422 4685 et,
440 4619 521 4692 dom.
537 4629 566 4682 et
589 4619 669 4689 alios
690 4631 804 4684 veteres
819 4618 889 4682 ΙΠ.
912 4617 1020 4681 Oratio
1035 4619 1157 4683 animia.
1194 4613 1300 4698 Neque
1315 4615 1550 4697 ignotusnobis
