3550 5492
789 572 927 642 unu.

247 731 317 795 ceps
346 710 538 776 collocandae
572 716 677 794 erant,
710 711 765 775 sed
787 711 848 776 duo
868 711 1028 776 volumina
1056 714 1244 799 efficiebant,
1277 740 1409 802 quorum

245 823 332 911 prius
359 823 493 910 primam
520 823 703 901 contineret,
737 823 869 889 alterum
901 829 964 888 tres
990 823 1136 910 reliquas.
1185 829 1310 897 Etenim
1338 852 1408 898 curu

244 941 486 1000 consentaneum
516 935 573 1017 sit,
606 939 643 1000 ut
670 934 903 1010 emendatorum
938 936 1179 1022 subscriptiones
1212 941 1245 1005 in
1274 943 1408 1028 singulis
1450 935 1456 940 ⁸

244 1047 456 1112 voluminibus
478 1047 626 1132 repetitae
647 1047 727 1130 sint,
749 1047 896 1132 quoniam
917 1047 1012 1133 primi
1032 1048 1200 1115 voluminis
1218 1052 1407 1140 principium

242 1157 352 1242 periit,
384 1158 532 1223 accidisse
558 1159 755 1245 putabimus,
790 1165 827 1224 ut
847 1159 966 1223 Statilii
987 1164 1061 1224 nota
1082 1161 1171 1226 alteri
1192 1169 1317 1230 tanturn
1338 1186 1406 1233 ora·

241 1268 322 1333 tioni
349 1269 486 1353 agrariae
525 1270 787 1356 praemitteretur:
822 1269 1086 1355 pertinet'oadem
1107 1273 1147 1336 ad
1167 1275 1291 1340 tertiam
1318 1278 1406 1344 inve·

241 1379 422 1465 uireturque
450 1381 485 1445 in
506 1382 623 1467 prima,
657 1382 686 1446 si
705 1382 831 1448 fortuna
852 1382 919 1446 eius
940 1381 1073 1467 primam
1101 1389 1221 1468 partem
1244 1396 1405 1457 servasset

243 1492 438 1576 Quamquam
452 1493 532 1578 quod
555 1515 654 1579 nuper
676 1515 747 1558 cum
761 1495 799 1559 de
813 1490 1015 1560 Livianorum
1036 1493 1185 1560 librorum
1205 1497 1405 1584 inscriptione

240 1608 272 1668 et
292 1603 394 1668 codice
409 1605 626 1690 antiquissimo
639 1605 809 1671 Veronensi
823 1604 1052 1691 disputaremus
1067 1606 1180 1690 (Berol.
1196 1607 1278 1674 1859
1293 1631 1324 1694 p.
1337 1612 1404 1696 11),

239 1715 476 1780 observavimus
509 1715 662 1800 duplicem
691 1718 781 1802 quasi
802 1739 907 1782 eorum
939 1717 1034 1782 fuisse
1061 1716 1096 1781 in
1124 1710 1309 1804 antiquitate
1337 1722 1405 1809 ipsa

237 1818 474 1911 inscriptionem
510 1848 545 1891 ac
579 1827 750 1920 duplicem.
771 1829 971 1912 divisionem,
1015 1829 1161 1915 quoniam
1197 1837 1229 1896 et
1260 1833 1404 1901 universa

222 1937 365 2003 vhistoria
387 1938 631 2022 coniungebatur
651 1940 784 2025 librique
812 1963 851 2005 ex
872 1941 990 2006 o'rdinis
1017 1941 1111 2006 huius
1146 1962 1275 2019 numero
1302 1946 1402 2012 nomi·

237 2050 393 2114 nabantur
420 2056 451 2115 et
477 2070 530 2128 eae
557 2055 675 2135 partes,
713 2039 792 2137 quae
818 2053 854 2117 iu
874 2053 985 2118 iisdem
1019 2053 1108 2119 bellis
1140 2056 1304 2122 narrandis
1332 2078 1402 2123 ver·

237 2167 394 2257 sarentur,
430 2161 617 2246 peculiarem
644 2184 734 2228 suam
761 2164 996 2250 inscriptionem
1024 2165 1234 2253 librommque
1256 2189 1401 2234 numera-

236 2273 354 2340 tionem
386 2271 557 2355 habebant,
586 2273 668 2366 idern
695 2275 731 2339 in
744 2275 908 2369 ¹Tullianis
936 2276 1127 2343 orationibus
1155 2279 1275 2344 accidit
1319 2281 1399 2346 Nam

234 2385 331 2450 fuisse
351 2385 387 2449 in
408 2384 594 2469 antiquitate
615 2385 709 2450 etiam
724 2386 858 2466 codices,
881 2387 936 2473 qui
957 2408 1062 2454 omnes
1078 2389 1221 2476 deinceps
1244 2391 1400 2457 Ciceronis

235 2497 387 2562 orationes
409 2491 608 2561 'continerent
640 2518 751 2583 easque
778 2498 950 2564 secuudmn
983 2500 1101 2584 locum,
1139 2523 1232 2586 quem
1259 2523 1400 2588 quaeque

235 2630 274 2673 ex
301 2607 449 2694 temporis
476 2606 581 2672 ordine
614 2608 754 2693 haberet,
788 2616 1004 2695 numerarent,
1041 2613 1176 2678 ostendit
1203 2614 1272 2696 ille,
1305 2635 1398 2698 quem

233 2720 401 2808 citavimus
413 2717 524 2784 titulus
546 2719 628 2784 Acta
642 2725 711 2805 quac
728 2719 874 2787 Cicerone
890 2734 919 2786 ct
932 2722 1068 2793 Antonio
1080 2747 1141 2788 cos.
1161 2726 1215 2788 Or.
1233 2727 1396 2793 XXIIII.

232 2831 314 2926 Nam
350 2829 501 2913 vigesima
534 2836 646 2913 quarta
680 2831 777 2926 oratio
813 2833 859 2895 ita
891 2832 1043 2914 efficitur,
1083 2834 1111 2898 si
1147 2809 1283 2918 tempore
1319 2856 1398 2919 qnae

233 2932 473 3009 antecesserunt
495 2940 648 3023 orationes
676 2961 797 3024 omnes,
831 2961 893 3007 non
920 2942 1011 3008 modo
1031 2963 1110 3026 quae
1133 2948 1254 3025 extant,
1287 2965 1397 3010 verum

233 3055 329 3127 etiam
362 3074 495 3139 quarum
528 3053 701 3136 fragmenta
734 3059 858 3118 tantum
892 3060 967 3118 nota
994 3059 1083 3136 sunt,
1118 3075 1272 3119 numeres.
1315 3054 1396 3121 Nam

231 3166 351 3252 primae
372 3170 517 3252 quattuor
539 3170 614 3230 sunt
647 3186 703 3250 pro
725 3165 759 3228 P.
783 3163 943 3247 Quinctio,
971 3163 1041 3228 Sex.
1064 3164 1189 3247 Roscio,
1218 3166 1253 3242 Q.
1276 3165 1394 3248 Roscio,

231 3277 274 3341 M.
295 3276 408 3358 Tullio,
424 3270 605 3361 'sequuntur
627 3281 745 3363 septem
764 3275 922 3358 Verrinae,
944 3280 1013 3341 tum
1034 3297 1089 3360 pro
1111 3276 1154 3341 M.
1176 3272 1313 3358 Fonteio,
1340 3297 1395 3362 pro

231 3389 271 3454 A.
295 3386 441 3469 Caecina,
464 3407 518 3472 pro
540 3387 575 3451 P.
599 3387 711 3473 Oppio,
735 3387 772 3451 de
794 3387 923 3471 imperio
946 3386 1000 3450 Cu.
1023 3386 1176 3471 Pompeii,
1199 3363 1253 3471 pro
1276 3387 1310 3451 Ο.
1326 3387 1395 3451 Ma·

229 3499 325 3580 uilio,
346 3520 401 3584 pro
424 3499 463 3563 A.
488 3495 648 3578 Cluentio,
670 3519 724 3583 pro
747 3499 781 3562 G.
804 3497 982 3575 Fundanio,
1005 3517 1060 3581 pro
1083 3496 1117 3560 Ο.
1141 3497 1281 3562 Cornelio
1303 3496 1392 3581 dnae,

229 3612 264 3674 in
293 3617 367 3693 toga
392 3608 541 3691 candida,
565 3610 682 3696 pro-Q.
713 3608 828 3688 Gallio,
865 3615 902 3673 ut
927 3606 1122 3673 vicesimmn'
1143 3591 1271 3673 tertium
1290 3607 1394 3672 locum

229 3721 352 3805 agraria
379 3705 480 3805 prima
516 3721 662 3786 obtineat.
706 3720 767 3784 Hic
797 3719 937 3785 omnium
965 3718 1139 3784 orationum
1176 3711 1392 3783 intimarum

229 3832 324 3898 codex
360 3829 483 3906 utinam
515 3830 607 3906 hodie
639 3832 825 3916 superesset!
870 3830 1020 3907 Quicum
1054 3826 1176 3892 saeculo
1204 3832 1313 3910 quarto
1341 3828 1391 3893 vel
1432 3822 1436 3828 ’

230 3940 340 4029 quinto
361 3966 392 4029 p.
416 3943 487 4008 Chr.
510 3948 642 4021 extaret,
663 3941 756 4027 paulo
777 3946 862 4026 post,
884 3939 940 4004 ubi
962 3937 1084 4002 barbari
1105 3930 1229 4002 ltaliam
1245 3928 1391 4025 ceperunt

228 4055 409 4140 litterasque
430 4053 618 4132 tristissimis
639 4053 774 4119 tenebris
791 4053 919 4118 obruere
941 4055 1122 4135 coeperunt,
1145 4049 1319 4136 discerptus
1342 4057 1391 4116 est

228 4166 398 4251 multisque
433 4165 622 4230 orationibus
649 4164 772 4228 amissis
793 4163 843 4229 vel
870 4160 1023 4227 mutilatis
1052 4161 1177 4226 fortuna
1196 4162 1242 4227 ita
1262 4162 1389 4228 taudem

228 4278 317 4367 tulit',
339 4282 376 4341 ut
398 4268 512 4342 saeculi
534 4276 640 4340 101οΧ
659 4275 762 4355 codex,
785 4274 840 4359 qui
861 4279 988 4359 septem,
1010 4277 1047 4337 ut
1068 4271 1208 4354 videtur,
1228 4273 1386 4357 ⁸Ciceronis
1492 4364 1498 4372 .

229 4389 382 4454 orationes
416 4372 601 4467 contineret,
636 4386 821 4471 reperiretur
854 4385 887 4449 in
916 4384 1101 4450 monasterio
1129 4383 1160 4447 S.
1184 4383 1264 4448 Galli
1293 4405 1385 4470 prope

230 4500 458 4566 Constantiam:
484 4498 543 4589 ¹qui
570 4497 664 4562 codex
690 4498 756 4583 ipse
782 4517 854 4561 curn
881 4495 976 4561 aliam
1001 4495 1153 4599 inimicus
1182 4494 1387 4581 multiplicem

228 4633 357 4702 passus,
392 4618 462 4677 tum
487 4611 608 4676 duabus
636 4607 745 4694 primis
772 4607 889 4672 chartis
915 4608 1065 4699 spoliatus
1092 4614 1148 4674 est.
1191 4607 1274 4674 Nam
1305 4607 1387 4693 quod
