3550 5492
854 584 912 627 XIV

192 806 195 817 Ι
304 719 523 804 multarentur,
552 721 663 805 iugens
689 741 860 807 pauperum
888 719 976 805 copia
1008 718 1161 804 imprimis
1188 718 1224 783 in
1252 718 1359 784 urbem
1388 737 1464 783 con-

304 832 448 898 fluxerat:
476 832 589 918 quibus
617 834 643 899 si
665 833 776 900 Rullus
802 832 944 920 populari
971 831 1089 900 ratione
1116 830 1273 898 consulere
1302 829 1464 912 voluisset,

304 945 509 1030 possessiones
532 945 678 1013 Sullanas
707 945 901 1025 sustulisset3
930 966 1014 1012 nune
1040 945 1086 1012 ita
1113 964 1201 1029 agere
1229 942 1343 1025 voluit,
1373 947 1466 1008 utet

305 1054 447 1122 Sullanos
469 1077 533 1124 nou
554 1058 683 1125 violaret
709 1064 741 1124 et
767 1063 885 1125 veteres
907 1056 1062 1124 Marianos
1089 1055 1272 1123 restitueret.
1317 1053 1465 1121 Alterum

304 1168 343 1233 de
363 1168 490 1236 coloniis
512 1170 569 1236 hoc
580 1158 684 1237 Cicero
706 1175 933 1252 commemorat,
956 1188 1027 1235 cum
1041 1168 1122 1236 nihil
1143 1167 1180 1234 de
1202 1167 1317 1234 colonis
1333 1166 1373 1233 'in
1395 1165 1465 1250 lege

302 1279 454 1366 scriptum
475 1289 571 1367 esset,
599 1283 713 1351 dixisse
734 1284 879 1366 Rullum,
902 1283 937 1350 in
959 1282 1123 1349 dividendo
1151 1281 1224 1366 agro
1247 1281 1405 1366 Campano
1428 1300 1464 1345 se

304 1393 343 1456 ab
364 1392 499 1461 Romilia
524 1397 622 1480 tribu,
645 1419 724 1483 quae
745 1421 784 1465 ex
805 1399 930 1467 rusticis
952 1404 1034 1481 erat,
1057 1395 1184 1463 initium
1206 1413 1272 1460 esse
1295 1393 1463 1457 facturum.

304 1504 342 1570 ln
364 1527 425 1591 quo
446 1507 594 1602 Ciceroni,
617 1510 699 1594 quod
720 1512 759 1576 ab
780 1512 904 1578 ursticis
918 1510 1096 1597 incipiatur,
1119 1505 1252 1591 grauitm
1273 1503 1466 1589 vituperanti

304 1605 558 1686 uon'crodemus'.
603 1621 683 1687 Nam
711 1643 767 1688 nec
795 1625 847 1690 cui
868 1629 938 1710 post
959 1621 1125 1690 Romiliam
1150 1618 1246 1684 tribui
1267 1615 1466 1681 fueritdivi-

305 1749 398 1796 surus
418 1737 552 1814 constat,
582 1753 638 1799 nee
665 1734 700 1800 in
726 1735 850 1800 rusticis
877 1734 1021 1801 tribubus
1048 1754 1110 1801 non
1132 1736 1220 1797 erant
1240 1728 1385 1815 plurimi,
1410 1728 1467 1811 qui

304 1861 377 1925 agro
391 1849 538 1922 carerent,
554 1864 610 1910 nec
626 1844 758 1930 denique
772 1847 907 1933 optimus
921 1847 1030 1914 Italiae
1044 1865 1116 1929 ager
1132 1864 1195 1909 non
1216 1838 1465 1908 commodissime

304 1951 345 2018 iis
366 1953 572 2039 potissimum,
595 1956 649 2042 qui
665 1957 738 2042 quia
752 1958 818 2023 ruri
827 1958 988 2040 vivebant,
997 1991 1002 2001 ·
1012 1957 1050 2023 ad
1065 1976 1174 2041 agrum
1189 1950 1467 2036 colendum-aptis-

305 2062 379 2130 simi
400 2070 497 2148 eraut,
521 2067 660 2134 dabatur.
1258 2082 1261 2087 ’

393 2178 477 2256 Quae
504 2201 576 2248 cum
608 2181 654 2247 ita
681 2182 760 2265 sint,
788 2181 918 2249 Rullum
943 2178 1153 2264 intelligemus
1186 2196 1300 2262 magna
1332 2179 1364 2241 et
1396 2193 1464 2240 mo·

307 2286 464 2357 deuotione
485 2298 516 2357 et
538 2293 703 2379 prudentia
723 2294 759 2360 in
780 2294 846 2379 lege
869 2294 990 2380 agraria
1009 2293 1137 2359 ferenda
1165 2310 1232 2356 esse
1260 2307 1370 2368 uuum,
1402 2305 1468 2350 uon

305 2406 372 2466 tam
393 2404 530 2489 partium
558 2404 660 2471 studio
687 2405 814 2472 ductum
843 2427 938 2490 quam
964 2404 1102 2473 utilitate
1124 2401 1258 2488 publica,
1280 2405 1317 2464 ut
1339 2417 1467 2482 rempu-

307 2511 420 2580 blicam
447 2515 638 2599 emendaret,
667 2517 803 2602 partium
825 2518 1047 2584 contentiones
1073 2514 1243 2594 minueret,
1280 2508 1361 2595 quod
1394 2508 1468 2572 urbi

305 2623 474 2711 Italiaeque
496 2627 661 2712 prodesset,
684 2635 850 2714 perageret.
884 2627 990 2715 Neque
1013 2649 1050 2692 eu
1072 2627 1122 2709 iis,
1145 2644 1224 2710 quae
1245 2623 1296 2688 hie
1317 2620 1468 2701 voluerat,

306 2742 413 2822 postea
433 2738 569 2823 plurima
591 2740 696 2806 effecta
717 2763 784 2808 esse
802 2740 999 2807 mirabimur.
1033 2738 1113 2804 Nam
1135 2737 1194 2811 etsi
1216 2732 1340 2800 comitia
1350 2731 1467 2795 Romae

308 2849 469 2934 nunquam
489 2850 531 2916 ad
551 2851 640 2918 illam
662 2874 755 2938 quam
777 2853 890 2919 Rullus
910 2851 1047 2919 iusserat
1066 2850 1217 2917 rationem
1239 2850 1359 2910 mutata
1380 2848 1468 2923 eunt,

308 2981 387 3045 quae
408 2961 478 3047 ipsa
499 2963 527 3028 si
549 2969 653 3030 essent
673 2971 809 3048 mnata,
832 2966 927 3031 unius
945 2962 1088 3049 potentia
1114 2961 1221 3027 minus
1248 2958 1283 3021 in
1309 2952 1469 3040 republica

308 3093 385 3158 opus
406 3073 529 3157 fuisset,
552 3082 689 3161 potestas
710 3084 815 3142 tamen
837 3081 1013 3141 curatorum
1035 3071 1224 3155 agrariorum
1250 3065 1311 3130 fuit
1332 3085 1368 3130 ea
1389 3066 1468 3150 ipsa,

308 3205 403 3269 quam
425 3185 529 3251 Cicero
551 3187 643 3253 Rullo
665 3188 779 3253 obiicit.
824 3185 998 3252 Praetoriae
1021 3182 1105 3248 euim
1132 3176 1293 3262 dignitatis
1314 3169 1468 3259 XXviros,

310 3316 387 3381 quos
409 3297 445 3363 0.
468 3297 580 3364 Caesar
602 3298 708 3364 consul
723 3298 871 3379 instituit,
893 3300 1013 3362 constat
1026 3292 1122 3358 fuisse
1135 3287 1347 3376 praetoriaque
1364 3287 1470 3353 omnia

311 3407 456 3476 habuisse
483 3417 677 3477 ornamenta:
705 3416 811 3497 postea
838 3428 910 3474 vero
939 3407 978 3472 ab
1005 3400 1242 3490 imperatoribus
1270 3419 1393 3465 summa
1412 3418 1469 3482 po·

309 3521 410 3587 tentia
430 3522 579 3607 praeditis
593 3522 724 3589 militari
745 3521 864 3587 ratione
885 3540 940 3605 per
961 3519 1079 3603 legatos
1101 3514 1237 3582 coloniae
1259 3510 1375 3583 deduci
1390 3509 1469 3574 sole·

309 3631 394 3700 bant.
431 3634 551 3700 Deinde
572 3635 611 3700 de
632 3634 714 3719 agris
730 3633 869 3719 Capuam
893 3629 1021 3696 deduxit
1042 3627 1194 3694 coloniam
1208 3624 1319 3690 Caesar
1336 3622 1374 3686 in
1396 3639 1469 3685 con-

290 3740 413 3810 'sulatu
434 3750 594 3831 totumque
622 3767 731 3830 agrum
753 3745 945 3831 Campanum
973 3763 1045 3807 eum
1071 3758 1178 3825 campo
1200 3735 1323 3803 Stellati
1344 3732 1469 3811 divisit;

309 3857 503 3922 confirmauit
531 3858 615 3923 idem
642 3877 751 3924 omnes
778 3855 986 3942 possessiones
1015 3852 1269 3932 confirmaretque
1301 3845 1369 3930 ipse
1396 3848 1470 3909 ante

262 3978 270 3991 ·
310 3987 383 4031 eum
397 3967 503 4034 Cicero
524 3968 559 4035 in
580 3968 647 4054 lege
658 3967 767 4035 Flavia
787 3968 910 4052 egeria
924 3963 1084 4032 suadenda
1097 3961 1174 4046 (Cic.
1186 3958 1227 4024 ad
1236 3959 1303 4024 Att.
1314 3957 1339 4036 I,
1353 3955 1403 4038 18,
1416 3956 1469 4039 6);

310 4078 466 4165 imprimis
488 4085 593 4147 autem
615 4080 742 4166 accepit,
764 4079 850 4165 quod·
861 4078 973 4148 Rullus
994 4077 1166 4156 invenerat,
1189 4076 1226 4136 ut
1239 4068 1314 4154 agri,
1336 4067 1371 4132 in
1392 4087 1471 4152 quos

310 4190 410 4256 coloni
431 4190 664 4275 deducerentur,
686 4191 819 4278 pecunia
839 4188 965 4277 publica
985 4190 1169 4255 emerentur.
1198 4181 1397 4264 Eandemque
1418 4199 1470 4244 ra-

237 4289 239 4293 ’
310 4301 428 4369 tionem
453 4308 561 4389 postea
588 4310 621 4369 et
640 4303 746 4369 Illviri
766 4303 842 4388 reip.
872 4299 1104 4368 constituendae
1133 4303 1165 4362 et
1184 4297 1346 4380 Augustus
1371 4294 1472 4359 secuti

296 4421 403 4498 sunt,
439 4415 492 4500 qui
526 4415 586 4480 etsi
614 4414 694 4481 illud
723 4420 902 4498 mutarunt,
932 4412 1013 4499 quod
1044 4414 1165 4476 mutare
1197 4405 1363 4491 iniquitate
1389 4409 1470 4470 tem·

310 4547 421 4614 porum
443 4528 644 4611 cogebantur,
667 4533 704 4594 ut
725 4533 757 4593 et
777 4531 921 4611 cogerent
945 4523 1078 4590 vendere
1099 4526 1155 4586 uec
1176 4516 1340 4604 pecuniam
1360 4515 1470 4581 redde-

309 4645 389 4722 rent,
406 4640 461 4705 sed
474 4642 690 4726 promitterent
704 4646 836 4719 tantum,
852 4641 1039 4722 quantopere
1053 4640 1160 4699 tamm
1173 4628 1261 4694 nulla
1274 4628 1336 4693 alia
1350 4628 1470 4694 ratione
