3550 5492
759 594 995 659 „163-

298 755 393 841 pinus
415 755 458 820 sit
478 755 544 819 sive
571 775 642 838 ager
663 754 813 840 Hirpinus
836 757 950 838 (totum
977 755 1063 819 enim
1083 755 1231 839 possidet)
1254 775 1349 838 quam
1368 775 1456 819 meus

299 865 445 945 patemus
459 859 623 944 avitusque
639 859 754 925 fundus
769 859 916 945 Arpinas.
949 858 985 922 ld
1000 858 1084 922 enlm
1098 879 1197 923 cares.
1226 858 1350 943 Optimo
1373 859 1481 928 enims

299 962 366 1027 iure
381 971 504 1030 essunt
513 966 647 1052 proiecto
663 964 798 1050 praedia,
814 985 897 1048 quae
908 963 1025 1048 optima
1035 961 1212 1026 condicione
1226 967 1309 1027 snnt.
1344 961 1457 1027 Libera

299 1064 425 1130 meliore
446 1066 515 1131 iure
530 1073 605 1133 sunt
619 1088 714 1151 quam
728 1086 832 1131 serva:
854 1065 954 1152 capite
969 1065 1025 1129 hoc
1040 1063 1160 1145 omnia,
1178 1084 1257 1148 quae
1272 1063 1457 1146 serviebant,
1549 1088 1554 1123 r

301 1188 362 1234 non
378 1169 523 1234 servient
557 1169 665 1235 Soluta
678 1169 804 1234 meliore
825 1169 860 1232 in
876 1189 971 1232 causa
985 1171 1059 1231 sunt
1079 1187 1173 1251 quam
1188 1165 1336 1249 obligata:
1352 1167 1459 1233 eodem
1551 1158 1557 1253 l,

302 1270 402 1355 capite
424 1271 607 1355 subsignata
628 1272 741 1353 omnia,
764 1271 791 1336 si
813 1271 903 1335 modo
925 1268 1057 1334 Sullana
1076 1274 1159 1349 sunt,
1182 1269 1362 1334 liberantur.
1394 1270 1459 1336 Im·
1556 1269 1573 1365 1ΙΙ

299 1372 408 1438 munia
431 1373 556 1438 meliore
578 1373 855 1456 condicionesunt
876 1393 971 1457 quam
991 1371 1062 1453 illa,
1086 1391 1163 1456 quae
1185 1372 1352 1456 pensitant
1395 1372 1461 1457 ligo
1573 1370 1579 1395 '¹

300 1473 489 1540 Tusculanis
517 1497 572 1560 pro
602 1496 682 1560 aqua
711 1474 825 1538 Crabra
852 1476 983 1559 vectigal
1016 1475 1165 1561 pendam,
1201 1475 1274 1559 quia
1305 1474 1460 1561 mancipio

299 1578 433 1644 fundum
454 1579 574 1664 accepi:
597 1579 624 1643 si
646 1578 769 1645 aSulla
789 1577 868 1641 mihi
891 1577 982 1641 datus
1006 1580 1096 1659 esset,
1111 1575 1197 1640 Rulli
1218 1576 1285 1660 lege
1307 1598 1369 1642 non
1383 1597 1460 1662 pen-

300 1680 415 1745 derem.

386 1783 484 1847 Video
505 1803 570 1865 vos,
587 1782 732 1864 Quirites,
756 1781 850 1846 sicuti
871 1802 921 1845 res
942 1780 1012 1866 ipsa
1025 1788 1123 1865 cogat,
1138 1782 1323 1847 commoveri
1344 1782 1394 1847 rel
1415 1780 1557 1852 le-10,111

301 1889 349 1971 gis
364 1887 415 1953 vel
430 1886 576 1952 orationis
591 1885 801 1973 impudentia:
823 1885 910 1968 legis,
926 1904 1005 1968 quae
1018 1882 1068 1949 ins
1084 1885 1196 1950 melius
1220 1885 1358 1950 Sullanis
1372 1906 1461 1971 prae-

300 1990 361 2057 diis
383 1991 553 2056 constituat
574 2009 667 2074 quam
683 1987 830 2074 paternis,
854 1987 1010 2070 orationis,
1033 2009 1112 2073 quae
1127 1988 1277 2054 eiusmodi
1298 2009 1391 2054 eausa
1411 1989 1461 2054 in-

387 2189 484 2239 Irpinus.
496 2207 522 2217 —
536 2188 556 2229 9.
569 2178 676 2228 immania
689 2186 830 2226 commodiore
843 2186 973 2226 condicione.
985 2205 1011 2218 -
1024 2186 1055 2227 1o.
1070 2188 1132 2238 cepit.

301 2351 343 2403 ins
362 2349 446 2406 dares.
475 2351 678 2420 Wesenbergius
695 2350 797 2420 quidem
816 2351 849 2404 ad
867 2354 933 2404 orat.
944 2367 971 2419 p.
983 2349 1069 2404 Sestio
1086 2368 1112 2420 p.
1123 2352 1157 2405 47
1176 2352 1238 2422 quid
1254 2352 1303 2406 hoe
1319 2352 1376 2406 loco
1394 2353 1462 2405 ritu-

300 2439 381 2505 peret,
399 2452 452 2490 non
463 2438 590 2506 intelligo,
609 2437 755 2491 Lauredani
772 2438 919 2490 coniectura
936 2435 975 2488 At
990 2438 1030 2489 itc
1048 2438 1129 2490 latum
1146 2445 1192 2503 eat,
1209 2438 1270 2491 ferri
1287 2441 1355 2490 certe
1367 2440 1462 2506 potest,

300 2521 348 2574 sed
368 2523 467 2576 inutilis
484 2523 587 2576 ridetur
610 2539 679 2577 esse.
713 2523 752 2576 De
770 2523 880 2592 Hirpino
904 2526 990 2575 autem
1013 2539 1076 2592 agro
1094 2523 1213 2576 Cornelia
1234 2524 1291 2591 lege
1314 2523 1398 2577 diriso
1414 2523 1462 2575 im-

300 2608 442 2676 primisque
461 2609 493 2661 de
512 2609 631 2677 Compsa,
649 2610 751 2662 colonia
769 2609 890 2673 Sullana,
908 2608 962 2661 dixi
979 2609 1006 2660 in
1024 2614 1161 2664 comment.
1178 2612 1310 2680 epigraph.
1328 2610 1341 2662 I
1357 2626 1383 2678 p.
1402 2608 1461 2663 257.

388 2693 412 2744 9.
432 2692 525 2745 Libera
541 2695 646 2747 meliore
664 2695 721 2747 iure
739 2701 799 2747 ruat
815 2699 864 2748 cet.
904 2695 966 2748 Tria
984 2696 1071 2760 affert,
1089 2697 1181 2764 qulbus
1200 2698 1326 2765 optimum
1340 2697 1382 2749 ius
1399 2697 1462 2760 sive,

301 2782 331 2832 ut
349 2779 540 2847 interpretatur,
558 2781 656 2849 optima
673 2780 789 2833 condicio
807 2781 907 2849 praedii
925 2781 1098 2847 contineatur,
1115 2783 1226 2849 primum
1249 2784 1279 2833 ut
1295 2782 1330 2833 sit
1347 2779 1462 2845 liberere,

300 2865 318 2919 'r
337 2881 360 2917 e.
379 2868 409 2917 ut
425 2881 500 2918 nemo
518 2867 617 2920 alienus
637 2869 773 2936 quicquam
795 2868 823 2920 in
845 2868 898 2920 ulla
920 2867 975 2919 eius
992 2871 1067 2936 parte
1083 2868 1147 2921 iuris
1164 2867 1272 2932 habeat,
1294 2871 1323 2919 ut
1345 2867 1463 2931 solutum,

301 2951 318 3003 i.
337 2966 360 3003 e.
378 2952 407 3002 ut
424 2949 543 3003 dominus
562 2950 589 3003 id
607 2951 727 3017 rendere,
743 2951 901 3020 relinquere,
926 2952 1037 3020 denique
1058 2968 1089 3006 eo
1107 2967 1258 3022 quacunque
1281 2951 1343 3005 relit
1364 2954 1464 3005 ratione

301 3037 341 3088 uti
358 3037 450 3103 possit,
467 3039 496 3088 ut
513 3036 632 3101 immune,
650 3038 668 3089 i.
686 3053 709 3090 e.
726 3040 755 3089 ut
772 3036 836 3090 nihil
853 3037 972 3105 cuiqnam
990 3052 1022 3089 ex
1040 3053 1071 3091 eo
1089 3037 1220 3090 debeatur.
1246 3036 1282 3088 iis
1299 3039 1464 3103 opponuntur

303 3136 388 3183 aenan,
406 3120 528 3189 cblipm,
546 3138 612 3190 quae
625 3122 772 3191 pensitant
790 3137 871 3192 geum
896 3124 980 3173 autem
1004 3121 1170 3191 obligationis
1192 3123 1234 3173 est
1249 3118 1423 3188 subripueris,
1441 3121 1464 3173 si

303 3207 346 3260 cni
362 3206 610 3275 praediumpignori
632 3223 757 3277 opponas.
785 3207 859 3272 Quod
877 3210 962 3261 autem
981 3211 1010 3261 ut
1026 3209 1124 3277 praedii
1141 3207 1295 3278 pensitantis
1319 3206 1463 3275 exemplum

304 3291 380 3344 affert
396 3290 486 3344 Cicero
505 3291 680 3345 Tusculanum
702 3309 789 3357 suurn,
807 3293 873 3346 Plin.
892 3295 944 3346 nat.
961 3294 1022 3346 hist.
1040 3294 1131 3358 XXII,
1152 3293 1183 3347 12
1206 3309 1264 3346 eum
1280 3292 1309 3345 id
1326 3296 1415 3346 narrat
1431 3292 1464 3346 ab

303 3376 387 3445 ipsius
404 3375 434 3430 L.
452 3375 540 3429 Sullae
563 3377 699 3431 heredibus
722 3380 829 3442 emisse,
851 3378 920 3431 uude
942 3394 973 3432 eo
990 3380 1120 3448 insignius
1142 3380 1173 3433 fit
1190 3380 1345 3448 exemplum.
1381 3378 1465 3443 Quare

304 3478 394 3516 rerum
411 3466 458 3528 est,
476 3463 545 3531 quod
561 3465 663 3518 cedices
682 3480 770 3518 omnes
788 3481 846 3519 cum
863 3465 916 3517 levi
938 3467 965 3518 in
983 3465 1132 3519 dirimendis
1149 3466 1283 3520 vocabulis
1300 3479 1386 3518 errore
1403 3466 1465 3518 seri·

303 3549 370 3601 bunt
388 3549 451 3616 quia
468 3550 600 3618 maaerpie
611 3550 727 3619 fundum
750 3551 852 3620 accepi,
875 3553 1005 3620 emptione
1022 3553 1178 3621 comparavi.
1213 3552 1251 3605 De
1274 3569 1344 3619 cqcc
1363 3549 1464 3604 &aba

303 3634 352 3699 (sic
370 3635 438 3686 enim
454 3635 484 3687 P.
502 3637 632 3690 Manutius
650 3637 719 3705 quod
742 3639 770 3690 in
787 3637 919 3690 codicibus
940 3635 1036 3689 Oredrc
1053 3642 1094 3691 est
1114 3637 1285 3701 emendavit),
1308 3652 1358 3706 qua
1376 3650 1464 3688 omnes

305 3720 361 3788 agri
379 3720 519 3774 Tusculani
536 3723 613 3775 villae
630 3724 811 3793 irrigabantur,
829 3723 862 3775 ef.
880 3722 998 3774 moron.
1016 3721 1048 3773 de
1065 3721 1173 3789 aquaed.
1191 3721 1220 3773 9:
1241 3721 1366 3773 habuerat
1384 3720 1415 3772 de
1433 3734 1465 3772 ea

304 3805 409 3872 saepius
432 3804 521 3858 Cicero
547 3821 605 3859 cnm
627 3809 801 3875 municipibus
819 3805 972 3860 Tusculanis
999 3805 1102 3874 negotia
1120 3805 1205 3872 (epist.
1222 3804 1298 3870 XVI,
1321 3804 1364 3869 18,
1383 3805 1411 3869 2;
1438 3821 1465 3873 p.

305 3887 381 3940 Balb.
397 3888 502 3953 20,45).
538 3889 694 3956 Scripsimns
712 3895 798 3943 autern
812 3907 845 3942 ex
863 3891 952 3960 optimi
970 3890 1065 3943 codicis
1083 3890 1142 3955 fide,
1161 3890 1230 3958 quod
1246 3890 1308 3944 olim
1319 3889 1464 3959 Naugerius

305 3973 454 4026 coniectura
470 3976 611 4038 invenerat,
629 3975 756 4045 eblipcta,
778 3992 836 4029 cum
855 3975 946 4042 reliqui
961 3974 1023 4026 libri
1039 3989 1087 4027 ms.
1109 3975 1273 4044 negationem
1290 3975 1465 4042 praemittant,

304 4061 359 4110 tum
378 4057 543 4128 wbsipacta,
561 4075 608 4127 pro
633 4075 684 4128 quo
703 4060 856 4113 deteriorum
879 4060 996 4115 codicum
1013 4059 1124 4123 librarii,
1144 4076 1177 4111 ne
1195 4060 1228 4112 ab
1245 4075 1284 4123 eo,
1302 4059 1371 4127 qnod
1387 4057 1464 4126 paulo

305 4147 365 4196 ante
383 4148 447 4208 erat,
465 4144 635 4210 discederent,
654 4145 798 4199 maluerant
820 4145 948 4214 oblipctc,
970 4146 1080 4211 denique
1102 4144 1206 4197 meliore
1225 4144 1386 4208 ceodiciooe3
1404 4158 1463 4196 nam

305 4229 344 4282 sic
361 4227 456 4297 ubique
474 4229 597 4298 optimum
613 4229 655 4282 ius
667 4233 694 4282 et
711 4231 809 4298 optimc
826 4230 944 4283 condicio
962 4229 1057 4283 dieitur
1075 4247 1106 4284 ac
1123 4230 1173 4284 dici
1191 4230 1275 4294 debat,
1293 4230 1353 4299 quia
1364 4228 1396 4282 de
1406 4228 1464 4282 Ser-

306 4314 382 4367 viliae
400 4314 466 4383 legis
483 4314 691 4384 interpretatione
710 4317 802 4384 agitur.

394 4399 435 4453 10.
453 4406 537 4468 ceput.
573 4399 617 4453 Sic
634 4400 735 4453 codices
754 4413 842 4450 omnes
859 4398 1024 4462 exhibente
1041 4401 1133 4468 quibus
1151 4415 1202 4453 non
1225 4402 1387 4455 discedimus.
1417 4400 1464 4454 Ait

306 4486 374 4537 enim
396 4485 551 4538 commereri
579 4485 702 4554 populum
727 4485 760 4537 iis
786 4483 878 4550 quibus
902 4498 1008 4536 necesse
1036 4484 1071 4535 sit
1089 4484 1235 4550 affectibus,
1261 4487 1464 4555 sententiamque

305 4572 388 4641 ipsam
407 4575 547 4636 mutarunt,
565 4573 609 4639 qni
627 4572 794 4625 indicativum
815 4569 981 4638 scripserunt.
1016 4567 1080 4623 Item
1097 4568 1260 4639 paulopost,
1278 4573 1323 4628 ubi
1339 4579 1381 4626 eet
1398 4573 1464 4627 eius·

306 4657 378 4712 nodi
394 4674 483 4722 caasa
499 4658 551 4713 ie.
568 4673 633 4715 cnm.
644 4674 724 4714 cauea
740 4657 775 4711 eit
790 4656 926 4723 ammorii,
942 4654 1046 4711 codices
1063 4656 1200 4725 sequimur.
1235 4657 1264 4710 Si
1281 4661 1350 4713 enim
1365 4661 1430 4713 orat
1439 4656 1460 4721 1,
