3550 5492
773 595 1007 661 ..144-

313 790 351 835 cx
373 768 439 851 lege
453 764 539 831 Rulli
557 762 748 844 deduxerint,
771 766 898 824 centum
912 756 1100 838 decuriones,
1122 755 1229 821 decem
1250 775 1391 840 anginas,
1410 775 1450 821 ser

313 872 470 957 pontifices
485 867 710 948 constituerint,
733 884 809 948 qnos
824 862 949 928 illorum
971 859 1100 942 animos,
1122 880 1199 945 quos
1214 860 1360 946 impetus,
1374 880 1450 944 quan

313 973 456 1039 ferociam
477 974 540 1037 lare
561 968 700 1058 putatis?
743 968 873 1034 Romam
894 966 928 1031 in
943 965 1101 1031 montibus
1113 964 1247 1051 positam
1268 969 1301 1029 et
1322 962 1451 1030 convalli·

312 1079 380 1160 bus,
402 1075 574 1141 coenaculis
597 1073 750 1139 sublatam
771 1078 863 1156 atque
878 1090 1071 1155 suspensam,
1093 1089 1156 1134 non
1171 1068 1297 1153 optimis
1319 1068 1389 1150 riis,
1410 1089 1451 1133 sn·

315 1181 502 1267 gustissimis
525 1179 652 1261 semitis,
675 1199 748 1265 prae
769 1198 827 1242 sua
849 1175 956 1261 Capua
971 1173 1154 1260 planissimo
1175 1173 1210 1237 in
1231 1173 1298 1239 loco
1319 1171 1452 1257 exprim
1495 1192 1498 1235 :

314 1306 350 1350 ao
373 1306 446 1371 prae
468 1284 532 1348 illis
555 1281 682 1347 aedibus
704 1279 878 1344 irridebunt
899 1283 991 1361 atque
1012 1280 1225 1342 contemnent:
1252 1275 1357 1358 Veios,
1378 1271 1452 1338 Fide
1495 1288 1498 1367 r

1495 1370 1498 1417 i

401 1485 510 1532 explicata
524 1493 550 1522 ae
561 1481 738 1531 praeclarissime
752 1480 794 1519 atta
808 1477 936 1517 irridebunt.
954 1497 979 1506 -
997 1479 1137 1523 centauream
1151 1485 1217 1524 caros
1235 1484 1295 1524 aero,
1314 1474 1452 1516 thcssmc

313 1553 436 1602 Pupiniam,
451 1562 498 1591 cam
510 1552 555 1591 sats
568 1551 644 1599 opimis
657 1554 721 1597 atque
738 1547 837 1587 uberibus
856 1547 938 1595 campis
951 1546 1092 1592 conferendos
1109 1545 1189 1585 sellim
1205 1553 1247 1582 nou
1261 1543 1377 1591 putabunt.
1404 1542 1451 1592 Oppi·

311 1624 388 1661 dorum
403 1625 475 1661 autem
483 1621 627 1668 finitimorum
644 1619 706 1687 tiis-sm
723 1618 806 1665 copiam
821 1624 868 1654 cam
882 1615 923 1654 bac
940 1623 982 1663 per
998 1615 1066 1653 risam
1083 1623 1110 1652 aa
1129 1613 1197 1652 iocum
1218 1615 1357 1654 contendent:
1374 1611 1453 1658 icum.

311 1691 413 1730 Fidenas.

311 1855 325 1920 ξ
343 1854 384 1907 79.
403 1881 436 1892 -—
454 1861 554 1908 centum
572 1852 730 1906 decuriones.
757 1850 807 1903 Tot
824 1850 892 1902 enim
908 1848 935 1902 in
957 1847 1075 1902 omnibus
1093 1845 1200 1900 coloniis
1223 1848 1250 1899 et
1270 1844 1326 1899 iere
1347 1842 1453 1900 etianin
1495 1774 1498 1823 1

313 1940 459 2010 municipiis
476 1939 531 1993 fieri
550 1939 675 2003 solebant,
692 1938 900 2005 vocabanturque
917 1935 977 1988 inde
995 1950 1071 2004 saepe
1090 1931 1170 1987 tetri.
1205 1933 1244 1986 De
1266 1947 1374 1986 numero
1390 1942 1454 1998 ango
1495 1944 1498 2019 p

311 2042 368 2078 rum
387 2029 414 2078 et
431 2026 596 2094 pontificum,
614 2027 658 2095 qui
675 2026 702 2078 in
720 2025 785 2078 aliis·
796 2024 901 2076 coloniis
923 2022 979 2077 fieri
996 2022 1137 2087 consuerit,
1159 2035 1212 2076 non
1228 2020 1354 2086 traditum
1374 2018 1418 2073 sed
1430 2032 1455 2071 ue
1496 2024 1498 2045 ¹

313 2114 382 2166 bunc
401 2114 503 2182 quidem
521 2113 597 2166 solito
615 2113 737 2165 maiorem
754 2111 835 2164 fuisse
851 2110 937 2163 iudico
956 2113 1031 2179 atque
1053 2108 1081 2162 id
1102 2106 1309 2181 tantum-Cicero
1332 2106 1396 2159 dicit
1410 2120 1456 2157 scm
1496 2102 1498 2107 '

312 2199 439 2250 coloniam
457 2199 644 2262 constituerint,
662 2197 730 2268 quod
749 2213 796 2266 per
813 2212 932 2251 numeros
951 2196 1078 2250 adornans
1101 2195 1203 2264 plebem
1220 2195 1367 2265 imperitam
1384 2192 1457 2245 terret

312 2313 345 2321 -
364 2283 509 2336 coenaculis
528 2282 655 2336 sublatam
672 2290 750 2351 atque
762 2299 919 2352 suspensa-m.
948 2280 1093 2335 Coenacula
1111 2295 1177 2349 quae
1188 2279 1249 2344 sint,
1266 2275 1458 2347 explicatVsrro

312 2370 344 2422 de
361 2368 423 2436 ling.
441 2369 485 2422 lat.
504 2368 536 2433 V,
554 2368 596 2433 33,
608 2369 655 2423 45:
673 2368 719 2422 abi
736 2368 885 2433 coenabant,
905 2368 1069 2422 coenacsrlum
1086 2365 1236 2420 vocitabant
1252 2393 1286 2402 —
1299 2360 1459 2434 posnaqsm

310 2455 338 2506 in
356 2454 488 2523 superiore
503 2460 580 2523 parte
598 2455 728 2507 coenitare
745 2459 892 2522 coeperunt,
919 2452 1062 2524 superioris
1080 2452 1169 2506 dmuus
1186 2452 1311 2511 uniuersa
1328 2446 1459 2513 meraculo

312 2539 392 2592 dicta.
428 2537 554 2591 Aedificia
570 2538 649 2607 igItnr
666 2538 703 2590 ait
720 2540 827 2606 propter
843 2538 974 2591 hominum
992 2536 1181 2591 multitudinem
1203 2535 1283 2589 inisse
1304 2533 1372 2599 alta,
1393 2544 1460 2603 qnare
1496 2578 1499 2587 Α

314 2623 453 2690 imperator
471 2621 604 2692 Augustus
621 2622 680 2690 plus
699 2637 775 2690 quam
794 2622 958 2690 septuaginta
968 2621 1062 2691 pedum
1080 2636 1136 2675 esse
1154 2620 1236 2674 vetnit
1252 2617 1350 2684 (Strab.
1359 2618 1392 2683 V,
1400 2617 1460 2683 ill

310 2707 375 2760 Item
393 2708 424 2761 de
443 2710 568 2780 angustiis
586 2709 685 2763 riarum
703 2725 780 2778 saepe
798 2709 971 2778 querebantur
989 2709 1106 2773 Romani,
1125 2724 1155 2762 ao
1173 2702 1459 2771 incussum-xvsti

311 2795 414 2848 scribit:
433 2795 499 2848 artis
522 2795 658 2849 itineribus
680 2796 779 2864 lacque
797 2804 822 2848 et
842 2796 907 2848 illac
917 2796 998 2864 flecis
1016 2802 1093 2865 atque
1116 2792 1259 2849 enormibus
1282 2791 1364 2856 uicis,
1386 2788 1461 2860 q'uolit

310 2886 383 2933 vetars
402 2882 428 2944 (i.
446 2897 468 2933 e.
487 2885 545 2934 ante
563 2881 673 2935 Neronis¹
691 2881 848 2946 incendium)
864 2878 950 2935 Roma
961 2880 1022 2946 fnit.
1048 2880 1123 2945 Quod
1140 2880 1229 2935 (licere
1246 2878 1305 2932 vias
1322 2881 1350 2931 et
1367 2878 1462 2932 saraim

312 2965 456 3032 distinguit,
475 2981 525 3019 non
543 2968 646 3035 proprie
663 2966 784 3036 loquitur,
802 2966 849 3020 sed
866 2967 922 3022 vias
941 2966 1055 3037 appellat
1071 2967 1181 3020 maiores
1199 2968 1276 3033 atque
1294 2964 1327 3018 ad
1350 2976 1462 3019 eorrm

311 3067 411 3120 qnoque
428 3067 503 3104 usum
521 3051 670 3117 destinatas,
689 3053 793 3106 semitas
812 3067 865 3117 eas,
884 3054 977 3121 quibus
989 3053 1089 3122 pedites
1102 3055 1203 3113 tentum
1215 3052 1361 3106 utebantur.
1386 3051 1462 3116 Quas

311 3153 368 3190 cum
387 3136 451 3190 duas
469 3153 511 3191 res
531 3137 601 3204 (nam
619 3139 743 3191 montium
761 3141 788 3192 ei
805 3139 960 3193 convallium
977 3141 1075 3193 mentio
1097 3142 1196 3192 tantum
1218 3137 1252 3191 ad
1273 3137 1376 3191 riarum
1392 3150 1463 3206 ango

310 3223 373 3274 stias
391 3222 551 3276 excusandas
568 3222 651 3288 valet)
666 3224 694 3275 in
712 3224 774 3276 urbe
793 3224 874 3278 Roma
891 3226 1057 3293 vituperant,
1075 3210 1177 3278 easdem
1200 3225 1228 3276 in
1246 3222 1335 3292 (lapus
1359 3222 1463 3277 laudans

309 3309 491 3359 commemorat
513 3308 624 3375 primum
642 3309 797 3377 planissimo
815 3309 843 3362 in
866 3310 921 3363 loco
943 3298 1002 3364 eam*
1023 3311 1179 3381 explicatam
1195 3310 1213 3364 i.
1231 3325 1253 3363 e.
1271 3309 1309 3362 ita
1326 3310 1416 3373 sitam,
1436 3310 1463 3359 nt

310 3391 367 3443 viae
385 3391 438 3445 sint
454 3395 480 3444 et
496 3392 564 3446 latae
582 3396 609 3446 et
621 3392 740 3459 directae,
758 3398 812 3448 tum
824 3397 924 3449 narrari
942 3400 1043 3466 oportet
1061 3395 1275 3450 desedificiomm
1294 3394 1462 3465 descriptione

311 3491 342 3528 ae
359 3476 556 3545 pulchritudine.
592 3477 699 3533 Codices
723 3484 808 3534 summ
830 3481 926 3535 babent
944 3499 976 3535 ae
988 3498 1057 3553 prae
1074 3481 1128 3535 illis
1145 3481 1249 3546 semitis,
1267 3480 1336 3549 quod
1354 3496 1413 3535 cum
1428 3494 1463 3533 se·

308 3563 386 3615 mitae
403 3578 505 3632 semper
522 3567 646 3633 angustae
663 3563 848 3635 intelligantur,
866 3567 951 3620 minus
969 3570 1057 3636 aptum
1075 3582 1132 3621 esse
1144 3570 1273 3636 putamus.
1309 3566 1366 3620 Nec
1383 3570 1463 3619 umen

309 3649 526 3704 antKlotaianum
544 3668 576 3703 ac
590 3653 812 3721 praeclarissimis
823 3654 875 3707 ciis
893 3658 938 3707 aut
949 3653 1123 3709 Baitsrianum
1141 3671 1173 3707 ae
1182 3652 1399 3724 praeclarissime
1415 3650 1463 3704 sito

309 3734 396 3803 placet
413 3737 460 3802 (ita
477 3739 546 3790 enim
569 3754 621 3792 nne
638 3755 679 3793 res
697 3740 737 3794 bis
759 3742 898 3810 repetitur,
922 3742 1004 3796 altera
1025 3741 1161 3806 omittitur)
1179 3739 1382 3811 scripsimnsqns
1400 3751 1464 3809 prce

309 3820 362 3874 illis
380 3822 494 3888 aedibus,
512 3829 541 3877 ut
558 3825 633 3879 aedes
650 3827 677 3879 in
695 3827 772 3895 plano
790 3830 891 3896 positae
908 3845 990 3898 neque
1007 3828 1034 3883 in
1053 3829 1132 3882 altum
1144 3827 1260 3882 sublatae
1278 3841 1308 3879 ac
1325 3838 1465 3895 suspensae

310 3909 397 3976 (atque
415 3909 452 3961 ita
464 3912 569 3979 proprie
588 3912 717 3978 deantur)
730 3914 874 3969 coenaculis
888 3910 1052 3985 opponantur
1063 3918 1140 3984 atque
1150 3910 1292 3984 pronomen
1309 3910 1464 3965 illelaudern

308 3991 508 4060 pulchritudinis
527 3996 664 4052 contineat.
700 3997 748 4050 Est
770 4001 855 4052 autem
879 4002 949 4054 totus
966 3998 1009 4053 hic
1025 3998 1099 4053 locus
1117 3998 1265 4052 mendosior
1278 3998 1313 4064 ;in
1334 3994 1464 4051 codiabns

309 4094 344 4131 ac.
366 4077 406 4131 bis
431 4095 509 4148 supra
536 4079 593 4134 Nic.
615 4082 719 4151 Angelii
742 4085 891 4139 coniectura
911 4084 1033 4138 utendum
1055 4088 1127 4150 ersis
1149 4068 1207 4138 nam
1227 4083 1288 4137 libri
1310 4098 1359 4142 ms.
1379 4094 1463 4136 omnes

308 4163 432 4230 praebent
449 4165 552 4234 optimis
570 4168 624 4220 sais
642 4171 668 4221 et
682 4184 734 4239 pro
752 4187 801 4223 saa
820 4168 920 4241 Capua.
961 4168 1050 4240 bonge
1073 4174 1157 4225 autem
1181 4171 1263 4224 maius
1285 4170 1380 4223 sitium
1397 4167 1464 4221 dein·

309 4262 371 4315 ceps
390 4251 512 4317 sequitur.
548 4250 641 4306 Omnes
665 4255 731 4307 enim
755 4261 858 4325 praeter
874 4272 954 4311 unum
971 4257 1028 4313 cod
1045 4256 1109 4327 Lag.
1127 4259 1144 4311 9
1161 4258 1261 4312 codices
1282 4255 1382 4310 babent
1403 4254 1463 4309 satis

309 4333 390 4386 multa
406 4336 495 4400 rerba,
512 4351 578 4405 qnae
595 4352 642 4392 nos
660 4341 687 4394 in
705 4344 887 4397 commentario
909 4344 998 4398 critico
1015 4344 1160 4415 posuimus,
1178 4359 1243 4413 qnae
1261 4358 1277 4396 a
1297 4342 1406 4396 librarlo
1423 4356 1464 4394 ex·

289 4497 291 4501 .
309 4418 424 4487 plicandi
441 4436 519 4475 causa
531 4422 650 4478 ridentur
661 4440 717 4480 esse
729 4428 834 4494 inserta,
846 4428 944 4498 pariter
962 4432 1038 4499 atque
1054 4443 1093 4494 ea,
1106 4444 1171 4498 quae
1182 4444 1262 4499 supra
1279 4428 1294 4493 ᾗ
1305 4428 1336 4480 91
1357 4424 1464 4481 delenda

307 4503 420 4559 inerunt.
456 4506 485 4559 ln
503 4508 536 4562 iis
554 4511 664 4578 primum
682 4515 865 4569 sententiarum
883 4514 1008 4568 connexio
1025 4516 1066 4568 est
1081 4528 1210 4582 peruersa.
1237 4512 1299 4578 Quis
1317 4512 1387 4566 enim
1400 4512 1463 4565 ierat

307 4604 384 4657 apros
401 4606 462 4644 nero
483 4618 518 4633 -
540 4592 707 4662 conferendos
728 4612 780 4649 non
800 4596 937 4668 pandunt,
962 4598 1116 4669 oppidem
1138 4606 1224 4654 autem
1249 4628 1283 4639 -
1309 4600 1416 4670 copiam
1429 4622 1461 4636 ·-·

307 4672 478 4729 muts-desti
500 4674 600 4731 Deinde
617 4676 699 4733 alters
715 4682 845 4736 sententia
861 4681 895 4737 de
905 4682 1008 4754 oppidis
1019 4682 1136 4738 dnlt'rnis
1147 4698 1253 4753 promus
1263 4694 1461 4755 mpsrr'semea
