3550 5492
819 564 1032 628 ...55-

345 755 414 820 que,
437 727 690 817 quominnsllvir
709 727 775 790 fieri
797 727 903 810 possit.
935 728 1131 793 Praesentem
1147 727 1230 790 enim
1245 728 1493 812 profiteriiubet,

342 837 423 923 quod
446 835 533 900 nulla
554 833 615 896 alia
636 831 670 894 in
692 831 758 914 lege
781 851 919 915 unquam
941 831 1010 912 luit,
1034 853 1072 895 ne
1088 830 1176 894 iniis
1192 828 1317 914 quidem
1339 833 1520 917 magistra.

342 942 436 1022 tibae,
459 959 589 1024 quorum
612 941 713 1000 certus
737 935 808 999 ordo
830 940 892 998 est:
922 956 971 1016 nc,
1000 935 1026 999 si
1055 939 1178 1019 accepta
1207 935 1257 997 lex
1285 942 1389 1017 esset,
1417 935 1495 1000 illurn

342 1044 403 1114 sibi
431 1043 577 1124 collegam
606 1039 813 1119 ascriberetiS,
844 1039 1002 1103 custodem
1036 1059 1070 1101 ac
1103 1036 1257 1102 vindicem
1285 1038 1495 1124 cupiditatum.

305 1163 332 1216 x
343 1149 404 1214 Hic
427 1146 572 1232 quoniam
587 1144 675 1209 video
690 1165 744 1208 vos
760 1143 894 1208 hominis
917 1141 1067 1226 dignitate
1089 1146 1120 1205 et
1135 1140 1323 1206 contumelia
1343 1141 1426 1226 legis
1440 1164 1496 1209 1111

428 1296 454 1325 oe
467 1289 490 1325 in
503 1287 536 1325 tia
551 1285 641 1334 quidem.

343 1407 422 1458 fuisse
440 1405 523 1460 video.
550 1404 601 1458 Sed
611 1404 639 1456 L.
653 1402 750 1456 Sullam
770 1400 886 1466 arbitror,
905 1417 963 1454 curn
979 1401 1036 1454 iura
1048 1400 1243 1468 magistratuum
1257 1403 1375 1457 severius
1395 1404 1497 1457 11111111

344 1490 705 1560 (Appiau.bell.eiv.l,100),
723 1489 799 1541 etiam
817 1489 849 1541 de
867 1489 997 1542 curatione
1014 1501 1072 1540 cum
1089 1488 1242 1556 magistratu
1260 1502 1313 1540 non
1325 1489 1497 1557 coniungenda

343 1577 441 1630 tulisse.
460 1605 493 1614 -
510 1593 562 1629 ooo
579 1592 647 1628 reos.
688 1575 746 1627 Non
768 1576 795 1626 in
813 1575 913 1641 legibus
930 1575 979 1627 hoc
997 1574 1076 1627 luisse
1094 1567 1201 1638 iudico,
1215 1573 1261 1625 sed
1282 1575 1310 1627 in
1328 1591 1416 1641 more;
1439 1579 1497 1629 certe

344 1664 516 1729 necessarium
534 1665 597 1715 erat.
634 1663 760 1726 Quoniam
777 1662 845 1714 enim
858 1650 1040 1728 'magistratum
1063 1660 1147 1726 ipsum
1169 1675 1258 1713 eumve
1280 1661 1325 1728 qui
1343 1662 1411 1731 reip.
1429 1677 1497 1715 causa

345 1750 455 1813 abesset,
473 1748 567 1800 indicio
586 1748 704 1815 persequi
721 1763 772 1800 non
790 1747 891 1810 licebat,
908 1749 931 1799 si
948 1748 992 1816 qui
1012 1760 1070 1800 reus
1088 1747 1170 1801 factus
1189 1751 1257 1800 esset
1274 1748 1355 1812 Xuir‚
1383 1748 1496 1802 iudicium

343 1833 471 1888 elusisset.
514 1832 599 1896 Quare
621 1831 699 1898 paulo
725 1836 784 1884 ante
806 1831 855 1883 hoo
885 1836 986 1900 tempus
1010 1832 1071 1886 Sall.
1095 1833 1149 1886 Cat.
1170 1832 1202 1885 18
1219 1833 1247 1886 L.
1271 1832 1415 1887 Catilinam
1437 1833 1498 1903 quod

343 1934 403 1972 reus
421 1921 491 1971 esset
499 1917 696 1986 repetundarum
706 1933 739 1970 ex
748 1916 843 1979 Africa,
852 1915 1009 1983 prohibitum
1021 1932 1078 1971 esse
1096 1920 1184 1970 narrat
1194 1917 1354 1971 consulatum
1364 1921 1497 1987 petere.-

343 2005 417 2058 oollo
435 2004 491 2056 olio
508 2004 537 2055 in
561 2004 622 2071 lege.
659 2002 743 2066 Quid?
781 2002 862 2072 Igitur
880 2002 1012 2056 absentem
1030 2003 1144 2073 profiteri
1165 2002 1275 2056 licebat?
1311 2002 1388 2057 Certe
1406 2016 1458 2058 non
1473 2004 1498 2056 li·

343 2091 427 2143 cuisse
445 2089 547 2152 scimus,
566 2089 717 2156 legibusque
735 2087 885 2142 solvendum
904 2089 998 2154 fuisse,
1018 2092 1060 2144 coi
1078 2090 1178 2143 absenti
1195 2091 1284 2159 petitio
1302 2090 1417 2145 daretur.
1452 2091 1497 2146 su

342 2177 454 2244 primum
469 2174 557 2227 Cicero
579 2191 637 2228 cum
660 2175 732 2228 nulla
752 2175 779 2226 iu
800 2174 858 2242 lege
879 2175 958 2229 fuisse
980 2175 1054 2241 dicit,
1077 2192 1120 2230 eas
1143 2177 1213 2246 leges
1236 2176 1366 2246 intelligit,
1389 2193 1456 2247 qnae
1471 2177 1497 2230 de

345 2261 462 2314 creandis
480 2260 520 2314 rel
539 2261 648 2328 singulis
666 2261 859 2328 magistratibus
877 2261 918 2312 vel
935 2260 1095 2314 curatoribus
1120 2264 1206 2325 erant,
1229 2261 1306 2328 idque
1320 2277 1353 2315 ex
1377 2277 1420 2326 ec,
1437 2261 1498 2331 quod

344 2345 416 2398 addit
433 2360 464 2397 ue
482 2344 511 2395 ia
534 2343 574 2395 lris
592 2344 693 2411 quide-m
715 2345 910 2412 onoprstrotibus
937 2363 1044 2412 quorum
1067 2353 1151 2399 certus
1174 2347 1236 2399 ordo
1264 2354 1314 2410 est,
1341 2348 1497 2416 perspicitur.

344 2431 461 2484 Recessit
486 2430 565 2498 igitur
582 2431 673 2483 Rullus
698 2447 714 2482 a
737 2430 932 2493 consuetudine,
957 2446 1013 2482 cnm
1036 2429 1063 2482 in
1084 2431 1170 2499 ipsam
1191 2431 1222 2483 de
1239 2430 1330 2484 Xviris
1349 2431 1437 2500 legem
1456 2431 1498 2485 boo

342 2519 454 2587 recepit,
472 2519 521 2571 etsi
538 2517 586 2571 hae
603 2535 630 2571 re
647 2519 810 2582 movebatur,
828 2517 896 2586 quod
915 2532 979 2586 quae
1001 2517 1029 2568 in
1046 2514 1151 2584 reliquis
1169 2517 1362 2585 magistratibus
1383 2518 1498 2581 valerent

345 2604 434 2657 eadem
451 2605 479 2656 in
496 2603 536 2656 his
546 2605 637 2657 Xuiris
655 2605 788 2657 observari
805 2608 917 2672 cuperet.
944 2601 1042 2657 Deinde
1055 2617 1087 2661 ne
1104 2603 1132 2654 in
1149 2603 1182 2656 iis
1201 2603 1303 2670 quidem
1314 2603 1430 2671 legibus,
1441 2620 1498 2673 quae

344 2690 462 2741 universe
479 2688 511 2740 de
529 2689 651 2755 petitione
671 2688 866 2755 magistratuum
884 2688 952 2740 latae
970 2691 1054 2751 eraut,
1076 2689 1162 2757 ipsum
1184 2690 1233 2742 hoe
1249 2690 1357 2743 uerbum
1378 2707 1498 2760 praecem

343 2751 475 2827 invdntum
487 2789 544 2827 esse
555 2775 673 2827 arbitror.
700 2773 788 2840 Neque
806 2775 874 2827 enim
893 2790 1013 2859 unquam·
1022 2775 1164 2829 maiestatis
1181 2776 1313 2829 cniusdam
1327 2777 1421 2846 populi
1435 2780 1499 2832 tuen·

343 2859 392 2934 dae
409 2875 497 2923 causa,
515 2858 583 2927 quod
601 2858 723 2911 dedecere
741 2858 918 2911 existimarent
936 2860 1085 2914 candidatos
1103 2876 1154 2914 non
1171 2862 1256 2930 ipsos,
1279 2862 1325 2916 sed
1343 2879 1393 2931 per
1410 2865 1499 2923 amicos

343 2944 457 3013 profiteri
474 2943 619 3012 populoque
637 2943 791 3011 supplicare,
809 2943 856 2994 hoc
873 2943 954 2996 latum
972 2948 1018 3008 est,
1040 2948 1069 2997 nt
1087 2945 1216 2999 candidati
1232 2947 1260 2998 in
1277 2946 1366 2999 urbem
1386 2949 1500 3003 venirent

342 3030 443 3098 ipsique
461 3028 654 3096 profiterentur:
676 3027 721 3081 sed
738 3027 765 3081 id
784 3028 907 3097 agebatur
925 3027 1001 3096 idque
1019 3029 1123 3097 saepius
1141 3030 1364 3098 legibuscautum
1383 3037 1455 3099 erat,
1471 3022 1498 3087 ne

341 3116 450 3184 imperia
463 3117 671 3169 continuarentur
684 3119 758 3183 atque
768 3115 905 3169 accusandi
918 3114 1003 3182 spatio
1022 3114 1140 3182 adempto
1158 3116 1350 3182 magistratibus
1361 3118 1498 3189 impunitas

344 3201 469 3268 peccandi
486 3201 641 3270 gigneretur.
667 3200 723 3253 Hoc
735 3204 818 3252 autem
838 3200 861 3251 si
877 3199 1048 3263 sanciebatur,
1060 3198 1136 3252 simul
1153 3200 1324 3266 sanciebatur,
1338 3219 1369 3256 ne
1383 3204 1498 3271 absentes

343 3285 537 3352 profiterentur3
556 3286 646 3339 absens
659 3287 726 3339 enirn
744 3285 905 3351 intelligitur,
923 3283 967 3352 qui
983 3282 1047 3350 reip.
1061 3298 1139 3336 causa
1157 3285 1237 3349 abest,
1255 3288 1378 3354 quicum
1396 3290 1498 3360 imperio

343 3373 392 3434 est,
405 3385 545 3439 praesens,
568 3371 612 3438 qui
634 3370 769 3437 imperium
792 3368 918 3436 deposuit.
955 3366 1034 3435 ldque
1057 3368 1095 3421 ita
1113 3371 1251 3439 scriptores
1275 3373 1357 3426 solere
1375 3377 1403 3428 et
1421 3377 1498 3431 dicere

343 3459 370 3507 et
391 3455 534 3524 intelligere
561 3471 643 3523 nuper
667 3455 696 3506 in
718 3454 816 3508 Studiis
836 3455 959 3507 Romanis
981 3471 1007 3522 p.
1026 3456 1088 3520 172,
1111 3457 1156 3509 ubi
1179 3457 1210 3510 de
1235 3459 1366 3514 dictatoris
1386 3461 1498 3533 Caesaris

342 3541 450 3607 imperio
468 3539 589 3602 diximus,
606 3539 710 3592 uberius
728 3554 817 3591 snmus
835 3540 944 3592 executi.
976 3540 1030 3592 Iam
1048 3557 1081 3594 ne
1099 3543 1307 3597 continuarentur
1324 3547 1436 3615 imperia
1452 3564 1498 3601 ma·
1540 3558 1542 3611 1

343 3626 517 3693 gistratusque
534 3639 567 3676 ex
584 3624 737 3692 magistratu
755 3628 893 3692 gereretur,
912 3639 963 3676 non
980 3625 1065 3678 minus
1083 3629 1186 3679 constat
1203 3628 1304 3697 legibus
1322 3624 1405 3685 fuisse
1422 3633 1500 3685 sanci·
1540 3672 1542 3677 -

343 3713 408 3775 tum,
426 3726 502 3778 quam
519 3725 552 3762 ne
568 3710 618 3765 duo
641 3710 716 3765 simul
738 3713 902 3779 magistratus
926 3714 1087 3778 gererentur,
1109 3712 1217 3781 ipsaque
1240 3715 1282 3767 lex
1299 3715 1380 3768 Villia
1404 3717 1499 3776 annalis

345 3796 504 3865 providebat,
522 3813 573 3864 qna
590 3813 647 3849 cum
665 3813 688 3848 r.
699 3812 720 3849 c.
733 3797 799 3849 inter
812 3801 958 3864 praeturam
977 3801 1003 3849 et
1019 3798 1086 3851 inter
1098 3801 1258 3855 consulatum
1269 3802 1408 3857 triennium
1425 3805 1499 3859 inter·

343 3897 400 3936 esse
426 3883 569 3945 iuberetur,
593 3897 659 3935 unus
684 3883 734 3949 ipsi
757 3886 893 3950 praeturae
912 3883 1084 3949 tribuebatur,
1108 3885 1172 3937 alter
1196 3888 1371 3955 prorogationi
1392 3891 1499 3960 imperii,

343 3970 435 4021 tertius
453 3969 561 4036 imperio
579 3983 682 4031 vacuus,
700 3984 749 4035 quo
768 3967 857 4021 adesse
877 3971 906 4022 in
923 3971 986 4023 urbe
1002 3987 1145 4038 novumque
1162 3973 1283 4027 honorem
1300 3979 1389 4043 petere
1407 3976 1499 4031 liceret

344 4054 470 4122 Apparet,
487 4054 589 4121 opinor,
612 4070 661 4122 quo
680 4058 757 4121 pacto
775 4058 801 4106 et
817 4055 887 4124 leges
906 4059 1054 4124 praesentes
1072 4056 1187 4124 profiteri
1204 4059 1348 4128 coegerint,
1370 4067 1398 4116 et
1416 4063 1499 4117 Cicero

345 4139 496 4194 uocabulum
513 4137 577 4191 illud
600 4139 697 4191 inulla
718 4140 774 4208 lege
792 4157 848 4194 esse
866 4147 944 4211 neget
966 4147 1042 4211 atque
1063 4144 1090 4195 in
1111 4144 1195 4213 legem
1213 4146 1349 4200 Serviliam
1371 4154 1499 4220 receptum

344 4238 401 4277 esse
420 4238 495 4291 aegre
512 4221 586 4275 ierat.
614 4223 772 4291 Quamquam
784 4240 835 4277 non
848 4227 928 4280 multo
946 4230 1053 4296 posthac
1065 4245 1122 4283 cum
1135 4247 1201 4285 anno
1210 4231 1244 4286 52
1254 4233 1336 4302 legem
1349 4237 1499 4290 severiorem

345 4307 376 4360 dc
394 4309 449 4359 inre
472 4308 669 4375 magistratuum
686 4309 731 4363 On.
753 4311 891 4380 Pompeius
915 4311 1006 4376 ferret,
1028 4314 1183 4381 ipsumhoc
1206 4317 1358 4370 vocabulum
1375 4335 1499 4388 praesens

345 4393 488 4445 adhibitum
506 4392 676 4463 absentesque
693 4412 782 4451 omnes
800 4399 858 4466 ipso
876 4400 925 4451 hoc
942 4400 1045 4452 nomine
1063 4400 1095 4453 ab
1107 4401 1232 4455 honorum
1250 4404 1374 4471 petitione
1391 4421 1499 4459 summo·

343 4482 384 4531 tos
402 4493 459 4530 esse
476 4480 594 4534 existimo
614 4483 693 4547 (Suet
712 4482 785 4536 ans.
804 4483 850 4547 283
868 4484 917 4539 Dio
938 4485 1009 4542 Cass.
1027 4487 1088 4553 XL,
1105 4488 1157 4553 56).
1203 4490 1274 4543 Nihil
1295 4491 1374 4558 igitur
1396 4497 1439 4546 est
1454 4492 1499 4545 hoc

344 4564 409 4628 loco,
426 4566 495 4633 qnod
512 4584 569 4621 cum
587 4569 695 4624 aliorum
714 4572 868 4640 scriptorum
885 4573 1038 4626 testimoniis
1062 4578 1168 4642 pugnet,
1190 4575 1266 4640 nibil,
1290 4577 1358 4645 qnod
1376 4594 1429 4632 non
1445 4579 1499 4651 ipso

344 4651 476 4705 verissime
496 4654 583 4710 Cicero
602 4655 704 4710 (1111111
740 4656 794 4711 1111
812 4656 1032 4725 perturbabimur,
1050 4657 1119 4729 qued
1136 4657 1164 4713 G.
1187 4658 1358 4715 Caesareum
1382 4678 1451 4731 anno
1468 4662 1498 4717 60
