3550 5492
800 590 1034 656 -112-

341 756 483 829 ostendat
504 761 535 820 et
562 755 637 839 quid
666 759 697 818 ct
724 753 836 838 quibus
866 753 995 817 daturus
1018 752 1073 817 sit:
1106 756 1143 816 ut
1169 772 1241 816 cum
1269 770 1383 816 ornnes
1403 751 1494 834 urbes,
1539 814 1541 851 ἰ

341 881 439 943 agros,
463 857 634 941 vectigalia,
656 877 751 939 regna
772 856 954 939 vendiderit,
977 863 1045 921 turn
1068 877 1193 921 aronam
1207 855 1351 941 aliquam
1374 861 1430 921 aut
1449 876 1495 941 pa·
1539 860 1541 865 '

340 961 428 1025 ludes
451 965 543 1040 ornat,
566 958 599 1021 id
613 978 666 1022 vos
683 957 819 1041 potestis,
842 957 1160 1042 quaeso,coneedere?
1203 959 1407 1044 Quamquam
1427 958 1496 1023 illud

343 1070 389 1128 est
411 1063 576 1145 egregium,
600 1059 680 1144 quod
702 1059 759 1123 hac
781 1059 847 1142 lege
869 1068 941 1126 ante
963 1063 1067 1128 emnia
1088 1069 1233 1145 veneunt,
1255 1068 1331 1137 ante
1355 1052 1496 1149 pecuniae

343 1174 492 1249 eoguntur
514 1173 546 1230 et
566 1169 791 1244 coacervantur,
819 1185 912 1247 quarn
935 1167 1023 1250 gleba
1050 1188 1113 1231 una
1135 1171 1268 1231 ematur:
1300 1164 1418 1231 deinde
1444 1166 1495 1231 emi

301 1282 333 1336 72
343 1270 437 1351 iubet,
460 1271 498 1333 ab
513 1269 611 1332 invito
626 1271 719 1330 vetat.
754 1267 881 1349 Quaero,
905 1266 932 1331 si
955 1267 1008 1351 qui
1023 1266 1122 1332 velint
1142 1266 1274 1332 vendere
1289 1288 1357 1332 non
1379 1267 1494 1348 fuerint,

343 1372 417 1455 quid
439 1370 587 1455 pecuniae
609 1365 681 1431 siet?
708 1366 748 1429 Et
762 1366 872 1430 referre
894 1368 929 1431 in
951 1371 1103 1435 aerarium
1117 1370 1167 1434 lex
1183 1375 1268 1436 vetat
1288 1376 1320 1434 et
1336 1370 1422 1454 exigi
1435 1388 1494 1456 pre

343 1473 436 1538 hibet.
486 1473 583 1555 Igitur
604 1469 767 1554 pecuniam
790 1489 913 1533 omnem
931 1470 1025 1535 Xviri
1046 1472 1205 1553 tenebunt,
1229 1470 1316 1536 vobis
1348 1492 1494 1555 agatnen

344 1582 477 1638 emetur:
511 1569 713 1654 vectigalibus
744 1569 942 1654 abalienatis,
971 1575 1061 1640 sociis
1090 1575 1225 1655 vexatis,
1256 1575 1385 1658 regibus
1413 1581 1493 1661 atque

344 1676 486 1742 omnibns
509 1673 651 1757 gentibus
681 1673 861 1754 exinanitis,
890 1675 938 1738 illi
961 1679 1108 1764 pecunias
1130 1677 1302 1761 habebunt,
1332 1700 1388 1745 vos
1417 1698 1493 1765 agree

266 1767 271 1775 ⁵
344 1779 589 1847 nonhabebitis.
634 1778 744 1861 Facile,
768 1779 879 1863 inquit,
903 1780 1098 1847 adducuntur
1113 1781 1260 1867 pecuniae
1275 1783 1493 1867 magnitudine,

345 1890 380 1949 ut
402 1884 500 1948 velint
515 1882 655 1946 vendere.
688 1882 768 1966 Ergo
790 1903 827 1946 ea
847 1882 899 1946 lex
921 1888 978 1965 est,
1001 1886 1190 1968 qua'nestra
1204 1883 1378 1951 vendamus
1393 1884 1494 1970 quanti

345 1989 510 2073 possimus,
533 1986 634 2050 aliena
656 2007 793 2050 emamus
816 1986 926 2070 quanti
947 2007 1133 2072 possessores
1155 1987 1261 2051 velint.

302 2112 336 2166 73
431 2094 533 2173 Atque
560 2089 593 2152 in
616 2088 670 2153 hos
693 2109 790 2172 agros,
819 2089 873 2174 qui
895 2076 961 2152 hac
975 2088 1041 2170 lege
1070 2087 1165 2173 empti
1192 2086 1272 2170 sint,
1301 2088 1495 2155 coloniasab

346 2194 394 2257 ns
415 2192 521 2256 nvins
543 2192 652 2256 aaran
679 2193 774 2258 iuuet.
824 2168 925 2269 uisa?
958 2192 1097 2257 omnisne
1130 2192 1214 2257 locus
1240 2184 1423 2260 huiusmodi
1443 2198 1497 2276 ,aa
1539 2208 1541 2217 ·

345 2301 381 2360 ut
407 2295 487 2359 nihil
513 2295 637 2360 intersit
663 2296 863 2381 reipublicae,
891 2295 1010 2361 colonia
1037 2295 1205 2382 deducatur
1237 2296 1272 2361 in
1300 2317 1373 2361 eum
1403 2295 1497 2362 lecum

347 2398 463 2465 necne?
504 2400 557 2463 An
584 2405 631 2464 est
650 2400 741 2465 locus
764 2399 817 2485 qui
840 2399 990 2464 coloniam
1011 2398 1159 2484 postulet,
1188 2404 1235 2463 est
1255 2390 1348 2484 plane
1368 2392 1432 2484 'qui
1451 2418 1498 2477 re·

346 2485 474 2610 cuset?1
489 2503 554 2578 Quo
582 2503 616 2566 in
646 2524 764 2586 genere,
788 2504 869 2568 sicut
890 2502 924 2567 in
946 2502 1056 2567 ceteris
1078 2502 1264 2588 reipublicae
1285 2503 1439 2587 partibus,
1459 2508 1499 2566 est

347 2626 455 2692 operae
476 2604 609 2690 pretium
631 2605 824 2690 diligentiam
852 2606 1004 2670 maiorum
1026 2605 1192 2688 recordari,
1222 2605 1287 2690 qui'
1303 2604 1442 2671 colonias
1461 2604 1498 2670 sic

347 2709 464 2774 idoneis
487 2709 521 2772 in
545 2708 619 2773 locis
642 2714 747 2773 centra
772 2708 977 2793 suspicionem
999 2706 1129 2792 periculi
1156 2706 1353 2790 collocarunt,
1375 2712 1414 2773 ut
1440 2726 1497 2772 esse

352 2869 354 2873 Α
433 2891 464 2934 u.
477 2895 501 2931 ιιι
517 2900 574 2939 vero,
595 2901 649 2931 cam.
667 2911 693 2920 -
713 2891 746 2932 lt.
760 2893 853 2939 pecunia
866 2891 914 2939 fiet.
941 2889 1034 2938 Referre
1055 2908 1079 2918 -
1100 2893 1168 2938 octat,
1188 2889 1253 2938 exigi.
1275 2909 1301 2918 -
1320 2891 1463 2931 adducenter.
1477 2906 1496 2916 -
1539 2898 1541 2903 ·

348 2960 380 3000 73.
393 2962 450 3001 locus
464 2961 572 3001 anomoei.
586 2980 611 2992 ·-
627 2963 658 3001 eet
670 2961 708 3008 qus
717 2961 791 3009 phac.

349 3107 560 3174 reprehendenda
578 3111 625 3171 est,
644 3106 713 3173 qued
729 3109 819 3178 coacta
836 3105 937 3158 demum
955 3104 1064 3173 pecunia
1085 3104 1117 3156 ad
1138 3103 1273 3156 emendum
1295 3103 1406 3158 aceedit.
1441 3102 1496 3157 Seri

348 3194 445 3259 psimus
468 3196 552 3245 autem
576 3208 609 3244 er
633 3193 785 3244 auctoritate
807 3191 863 3244 ced.
881 3191 944 3259 Lag.
963 3191 978 3242 9
995 3197 1036 3253 ot,
1060 3205 1111 3243 non
1134 3197 1253 3243 atvero.
1293 3189 1360 3242 Nam
1382 3188 1496 3258 particula

349 3276 514 3328 adversativa
531 3276 571 3328 vel
590 3291 623 3328 ex
640 3277 713 3328 initio
730 3277 806 3328 huius
824 3277 838 3340 ξ
856 3275 897 3327 vel
915 3290 947 3326 ex
959 3275 973 3338 ξ
986 3273 1027 3338 75,
1045 3275 1090 3327 ubi
1107 3275 1135 3327 in
1152 3275 1230 3327 simili
1247 3275 1392 3329 sententiae
1409 3273 1495 3330 centu·

349 3363 460 3414 mationa
479 3362 581 3430 legitur,
599 3360 701 3414 videtur
715 3362 866 3414 adhaesisse
884 3364 960 3430 atque
977 3361 1004 3412 in
1022 3363 1093 3414 reeta
1111 3361 1219 3414 duarum
1231 3361 1419 3415 sententiarum
1429 3374 1496 3429 appe

350 3447 442 3501 sitione
459 3447 552 3500 melius
570 3448 668 3500 abesse.
1491 3436 1495 3444 ⁴

435 3552 477 3606 7⁸2.
495 3553 559 3620 quid
570 3553 684 3624 pecunia
697 3553 764 3620 ‚teta
780 3557 809 3607 nt
825 3570 851 3622 p.
870 3553 943 3607 Gaec.
964 3555 1004 3617 10,
1022 3551 1056 3606 30
1075 3552 1146 3616 Quid
1166 3552 1226 3605 duic
1245 3559 1271 3605 tu
1289 3551 1389 3605 domiai
1399 3541 1498 3620 focium

350 3637 709 3703 adntt.v11‚3,adoia
737 3638 785 3692 tibi
800 3638 923 3707 socium?
958 3639 1037 3698 Acad.
1056 3639 1092 3703 Π,
1110 3638 1156 3702 30,
1174 3638 1207 3691 96
1228 3638 1298 3701 Quid
1317 3637 1425 3707 fuceret
1447 3635 1498 3691 teir
1535 3644 1541 3685 i

350 3726 526 3778 conclusioni?
547 3725 630 3789 Quare
648 3741 699 3778 non
739 3741 789 3794 pus
807 3730 847 3778 est
864 3725 897 3779 ab
914 3726 963 3779 hae
981 3726 1095 3779 emnium
1112 3725 1228 3778 codicum
1240 3724 1350 3777 lectione
1367 3722 1498 3785 discedere,

350 3812 501 3881 praesertim
520 3829 578 3865 cum
596 3812 661 3881 quid
672 3812 787 3881 pecnnia
800 3813 868 3879 piet?
885 3815 954 3866 certe
972 3813 1049 3865 etiam
1067 3825 1124 3864 esse
1141 3811 1225 3878 possit
1246 3808 1310 3878 quid
1321 3811 1438 3879 pecuinis
1454 3806 1500 3877 effi·

351 3897 452 3950 cietur?
485 3897 583 3949 Deinde
600 3898 661 3949 item
681 3896 838 3950 servavimus
856 3897 973 3950 codicum
990 3897 1125 3950 lectionem
1144 3902 1170 3947 et
1188 3894 1287 3963 referre
1308 3895 1415 3962 eiusque
1431 3906 1501 3948 causa

351 3983 382 4035 de
400 3982 546 4034 coniectura
563 3981 651 4033 addita
674 3980 802 4048 particula
825 3981 950 4035 edidimus
974 3988 1000 4034 et
1021 3981 1099 4050 exigi.
1134 3980 1164 4033 In
1186 3980 1327 4033 variatione
1348 3980 1501 4042 antemnae,

351 4069 419 4137 quod
437 4068 509 4136 privis
527 4068 638 4120 activum
656 4067 770 4135 referre,
788 4072 841 4122 tum
859 4071 991 4137 passivum
1015 4069 1087 4136 enipi
1102 4068 1194 4133 habet,
1212 4084 1244 4120 ne
1266 4068 1323 4136 quis
1341 4067 1459 4133 haereat,
1475 4062 1502 4118 ci.

351 4156 365 4218 ξ
382 4154 415 4207 59
433 4154 464 4205 id
476 4155 598 4222 profiteri
618 4155 691 4222 opud
706 4155 802 4208 Xuiros
826 4163 852 4208 et
872 4156 910 4209 ud
926 4172 968 4208 ece
991 4155 1090 4223 deferri
1110 4154 1186 4208 iubet.
1206 4181 1239 4193 -
1257 4152 1349 4207 Facile
1370 4152 1504 4206 —·oddu·

351 4246 455 4303 cuntur,
479 4239 599 4291 nimirum
622 4240 751 4305 hemines,
775 4241 840 4294 solet
856 4241 906 4294 hee
922 4242 960 4293 ita
976 4240 1040 4294 fieri.
1076 4240 1208 4294 Generalis
1231 4247 1272 4293 est
1294 4240 1505 4308 sententia,an

349 4325 411 4377 item
429 4325 621 4389 usitatorum,
640 4325 665 4389 5,
685 4327 716 4379 15
733 4327 802 4380 idem
820 4332 899 4396 eaput
915 4327 980 4396 legis
997 4328 1139 4380 insectans:
1157 4327 1225 4380 nihil
1241 4334 1286 4391 est,
1305 4327 1375 4395 quod
1390 4343 1443 4379 nou
1459 4324 1506 4379 euri

346 4411 439 4481 possit,
457 4411 482 4462 si
499 4418 597 4464 tanturn
615 4413 667 4476 dee,
686 4421 810 4480 quantum
826 4414 890 4466 uelit
904 4414 1030 4468 uenditor.

437 4495 528 4550 aaut
545 4497 584 4550 dis
602 4497 701 4552 Xciris.
745 4499 789 4553 Sic
808 4499 975 4553 scribendum
992 4504 1044 4566 est3
1069 4501 1185 4555 consulto
1208 4500 1274 4553 enim
1295 4500 1323 4552 in
1341 4499 1431 4553 eadem
1452 4514 1508 4553 seu·

350 4583 431 4637 tentia
448 4600 587 4652 pronomen
604 4585 646 4638 dic
664 4585 760 4654 posuit.
784 4586 847 4638 Item
865 4600 922 4638 esse
939 4590 1043 4654 oportet
1061 4587 1249 4641 coniunctivum
1267 4586 1330 4651 sinu
1348 4585 1424 4639 affert
1440 4586 1508 4639 enim

350 4670 492 4737 relativum,
510 4672 578 4739 quod
595 4674 623 4726 in
640 4674 697 4741 lege
713 4672 773 4741 ipsa
789 4672 847 4732 fuit.
870 4700 903 4712 -
927 4674 1059 4744 caepione
1077 4674 1123 4743 qui
1138 4681 1246 4729 recuset.
1289 4672 1424 4726 Praeclare
1441 4672 1509 4727 hune
