3550 5492
780 597 994 660 -19—
1349 626 1363 659 s

306 759 425 825 sidium
447 772 598 839 annonae,
621 743 765 821 horreum
780 757 862 839 belli,
887 759 944 822 sub
961 760 1049 842 signo
1064 761 1268 848 claustrisque
1282 764 1469 850 reipublicae

306 864 446 949 positum
467 881 589 926 servare
611 880 673 924 non
695 860 848 945 potuisse,
872 882 944 925 eum
966 862 1101 947 denique·
1119 883 1175 927 nos
1197 886 1313 951 agrum,
1325 869 1359 931 P.
1377 869 1469 934 Rullo

308 966 512 1049 eonemsisse,
542 966 596 1050 qui
624 986 696 1049 eger
723 965 789 1049 ipse
816 987 870 1049 per
899 988 965 1030 sese
993 973 1023 1031 01
1046 967 1192 1033 Sullanae
1215 970 1416 1036 dominationi
1440 978 1485 1036 et¹
1521 996 1523 1000 ’

309 1071 518 1136 Gracchorum
533 1067 691 1150 largitioni
705 1067 886 1131 restitisset:
910 1089 972 1133 non
988 1069 1055 1133 dico
1076 1069 1133 1134 hoc
1148 1070 1249 1135 solum
1265 1072 1299 1138 in
1314 1067 1482 1158 republica

308 1173 443 1257 vectigal
465 1193 540 1252 esse,
563 1171 643 1255 qued
666 1171 789 1234 amissis
812 1171 882 1234 aliis
905 1180 1078 1254 remaneat,
1107 1173 1293 1255 intermissis
1315 1196 1377 1240 non
1399 1198 1471 1242 eon-

309 1270 460 1361 qui'escat,
474 1275 517 1372 in
531 1293 605 1359 pace
620 1273 727 1353 niteat,
750 1273 784 1336 in
799 1272 878 1337 bello
894 1294 956 1338 non
971 1275 1147 1354 obsolescat,
1162 1277 1295 1340 militem
1310 1282 1470 1360 sustentet,

309 1381 434 1444 hostem
455 1397 518 1441 non
539 1375 750 1461 pertimescat:
773 1377 983 1459 praetermitto
1005 1398 1128 1441 emnem
1149 1377 1228 1442 hane
1251 1380 1420 1444 orationem
1442 1387 1474 1444 et

310 1479 449 1546 contioni
470 1499 607 1558 reservo,
631 1477 668 1540 de
697 1476 832 1562 periculo
853 1477 962 1541 salutis
989 1499 1024 1542 ae
1049 1478 1200 1545 libertatis
1227 1480 1341 1565 loquor.
1392 1480 1473 1557 Quid
1482 1495 1516 1546 22

397 1661 492 1723 pestium
503 1658 595 1707 vectigal
607 1660 699 1696 sanare.
716 1677 740 1684 —
754 1658 822 1696 selam
834 1658 879 1713 laec.
948 1670 951 1675 ·

314 1828 344 1877 ut
362 1819 650 1885 defensione'eonsnlis,
668 1837 732 1889 quae
749 1823 811 1874 tuuc
830 1820 952 1874 aduersus
971 1822 1075 1875 Rullum
1094 1828 1184 1891 parata
1202 1830 1265 1892 erat,
1285 1843 1318 1881 ne
1337 1815 1474 1900 001100111-

315 1912 375 1964 dem
392 1914 470 1980 esset.
506 1908 798 1972 dictitasset
833 1907 914 1960 Paulo
932 1912 992 1976 post
1009 1909 1054 1962 ubi
1071 1911 1109 1961 ait
1125 1911 1154 1962 in
1167 1928 1235 1979 paee
1252 1914 1347 1978 niteat,
1365 1917 1394 1968 ia
1411 1916 1474 1970 bello

314 2015 368 2051 nen
385 1996 534 2058 obsolescat,
552 1987 702 2047 admissam
719 1997 759 2046 est
775 1994 909 2063 praeclara
921 1994 1043 2046 orationis
1053 1994 1170 2047 felicitas.
1193 1995 1270 2050 Nitor
1287 2000 1354 2051 enim
1371 2001 1475 2068 proprie

315 2089 356 2138 est
374 2082 500 2137 derebus
518 2083 666 2152 pinguibus,
683 2082 740 2135 ole‘o
757 2083 854 2148 11110110,
873 2082 919 2134 sed
937 2080 1091 2133 transfertur
1108 2081 1229 2133 etiamad
1246 2099 1321 2151 agros
1339 2086 1405 2137 bene
1423 2085 1476 2138 cul·

316 2175 371 2235 tos,
385 2185 464 2239 quare
481 2170 510 2220 in
527 2158 599 2221 Verr.
617 2167 661 2231 III,
680 2167 721 2230 18,
739 2168 773 2220 47
791 2166 911 2221 dicemur
929 2170 1015 2237 sacrepi
1032 2169 1157 2235 callesque
1174 2168 1327 2222 nitidissimi
1346 2172 1476 2225 virilissi-

303 2260 411 2325 'rniqa'e
440 2257 613 2325 Opponuntur
630 2254 706 2307 rebus
724 2255 813 2307 nitidis
830 2255 963 2318 horridae,
981 2254 1126 2320 neglectae,
1142 2256 1288 2322 squalidae,
1304 2260 1335 2312 111
1352 2260 1415 2310 orat.
1433 2257 1476 2322 32,

318 2345 369 2397 115
387 2342 457 2410 quod
472 2359 521 2394 saa
539 2347 627 2409 sponte
640 2340 808 2406 squalidiora
826 2346 893 2403 sarrit,
913 2336 1070 2390 ariliidendas
1083 2338 1134 2389 erit
1149 2339 1178 2389 in
1194 2339 1229 2389 iis
1242 2339 1403 2407 amplicandia
1422 2343 1476 2407 qai-

317 2429 378 2480 dasn
397 2425 523 2479 arationis
540 2425 618 2486 nitor,
636 2423 668 2475 de
686 2423 735 2491 leg.
753 2424 774 2486 I,
792 2424 816 2487 2,
835 2424 850 2476 6
868 2423 959 2479 lrabait
975 2425 1043 2475 eires
1061 2431 1176 2490 agrestes
1199 2451 1232 2462 -
1255 2432 1331 2491 atque
1349 2426 1479 2489 torridas,

317 2514 374 2565 sine
394 2511 479 2569 nitere
501 2527 533 2561 ac
550 2510 702 2577 palaestra,
720 2524 835 2577 quaeque
852 2509 935 2560 nitore
953 2511 1053 2572 carent,
1077 2507 1247 2572 obsolescunt3
1265 2507 1296 2560 ef.
1315 2526 1341 2576 p.
1358 2509 1479 2574 800118,

318 2596 353 2662 do
365 2597 454 2648 'enters
472 2593 589 2662 splendet
600 2608 651 2660 per
668 2608 722 2645 sese
739 2608 838 2660 seraper
855 2608 936 2658 raeque
954 2594 1047 2645 alienis
1064 2611 1178 2660 anquene
1199 2594 1317 2647 serdibus
1335 2595 1479 2660 obsolescit3

319 2691 345 2750 p'.
366 2681 468 2747 Qninct
489 2679 530 2742 18,
547 2677 581 2731 56
599 2678 721 2746 mandor
739 2679 820 2730 artinis
839 2677 967 2730 obsolevit.

353 2798 355 2802 ·
407 2780 449 2834 21.
479 2781 551 2843 Quid
576 2779 644 2830 etaim
665 2781 820 2832 eristirrratis
838 2796 876 2848 sq.
921 2780 1009 2832 Secuti
1026 2781 1050 2832 h.
1069 2780 1085 2832 1.
1104 2796 1191 2833 sumus
1218 2782 1393 2835 auctoritatem
1421 2798 1478 2836 cum

318 2869 476 2938 reliqueram
500 2867 618 2920 codicum
640 2865 786 2919 nostrorum
805 2870 859 2919 tum
877 2866 940 2935 Lag.
959 2865 982 2917 9.
1018 2865 1133 2919 Primum
1155 2868 1222 2919 enim
1241 2869 1389 2936 scripsimus
1407 2862 1481 2921 nodis
1521 2916 1525 2922 .

319 2956 349 3006 in
365 2952 514 3022 republica,
536 2954 582 3006 sed
600 2953 721 3018 deinceps
738 2951 767 3001 in
789 2957 876 3002 restra
895 2950 1019 3003 libertate.
1055 2951 1121 3003 Nam
1140 2952 1339 3013 dominationem
1358 2971 1374 3005 a
1391 2953 1480 3006 Xuiris

320 3038 423 3093 institui
441 3039 486 3104 ait,
498 3055 557 3107 ·qua
573 3039 612 3102 fit,
629 3041 659 3091 111
676 3042 703 3089 01
719 3036 809 3106 populi
826 3041 853 3088 et
869 3039 974 3090 senatus
986 3041 1102 3104 potestas
1114 3039 1232 3104 tollatur3
1251 3039 1296 3091 sed
1315 3041 1434 3107 quoniam
1453 3041 1480 3092 in
1578 3063 1579 3066 ¹

321 3128 414 3178 senatu
430 3123 509 3177 rerba
526 3124 597 3186 facit,
614 3123 637 3175 si
653 3121 725 3173 cobis
743 3122 847 3186 diceret,
865 3124 961 3176 omisso
980 3122 1075 3192 populo
1089 3125 1128 3176 bis
1146 3125 1254 3177 eandem
1271 3125 1323 3178 iere
1341 3112 1395 3178 rem
1414 3141 1481 3178 eom·

321 3213 490 3273 memorarem
511 3210 594 3277 prima
616 3208 775 3277 pronominis
797 3223 908 3276 persona
930 3207 990 3260 dum
1008 3211 1034 3260 et
1056 3223 1083 3260 se
1106 3197 1255 3277 ceterosque
1272 3209 1437 3276 magistratus
1455 3213 1482 3262 01
1562 3235 1565 3240 ·

322 3300 456 3350 senatores
481 3297 509 3348 et
534 3309 621 3347 omnes
648 3293 757 3360 denique
783 3294 851 3345 cives
870 3293 1060 3360 complectitur,
1079 3297 1106 3346 01
1127 3310 1183 3347 eam
1201 3295 1357 3362 reipublicae
1374 3299 1482 3364 partem,

322 3397 390 3451 quae
407 3395 487 3450 penes
505 3381 676 3448 populumne
693 3380 860 3447 magistratus
878 3382 946 3443 erat,
968 3385 1149 3433 commemorat
1173 3386 1198 3433 et
1215 3382 1379 3449 peculiariter
1396 3386 1482 3435 tamen
1527 3410 1530 3415 ·

323 3474 430 3523 senatus
448 3471 603 3522 mentionem
621 3470 698 3533 tacit,
721 3469 793 3520 euius
816 3469 920 3536 proprie
944 3471 983 3528 est
1005 3468 1125 3535 dignitas.
1162 3465 1200 3520 Gi.
1218 3483 1297 3534 supra
1313 3469 1327 3531 ξ
1342 3468 1381 3520 17,
1416 3467 1482 3519 'l’um

323 3556 452 3610 edidimus
469 3556 639 3618 retinendam,
658 3555 727 3622 quod
744 3554 797 3607 noli
819 3554 982 3622 interpretari
1005 3553 1069 3619 qaae
1085 3553 1186 3621 poterit
1205 3553 1327 3615 retineri,
1354 3553 1400 3604 sed
1413 3546 1486 3616 'qaid
1585 3555 1586 3558 ’

323 3642 377 3694 erit
392 3643 531 3704 0100110111,
550 3642 619 3708 praed
634 3641 744 3694 retineri
761 3640 863 3702 deleat,
881 3641 951 3707 qaod
967 3640 1185 3707 operaepretium
1201 3639 1235 3689 sit
1251 3638 1367 3698 retineri,
1385 3640 1483 3688 utnon

324 3730 386 3782 eine
398 3728 469 3797 quod
484 3728 540 3780 fieri
557 3729 649 3795 possit,
667 3727 715 3781 sed
731 3728 787 3779 eius
805 3727 874 3794 quod
892 3726 982 3778 deceat
1000 3729 1075 3791 atque
1098 3726 1217 3790 oporteat
1239 3721 1308 3784 fieri,
1331 3719 1484 3788 significatio

325 3816 396 3869 insit
419 3815 474 3868 Nee
490 3816 560 3868 recte
578 3815 739 3882 vituperatur
761 3812 825 3878 quid
840 3814 869 3864 in
885 3819 973 3864 cestra
986 3811 1103 3862 libertate
1122 3809 1173 3860 erit
1187 3806 1357 3868 retinendum,
1374 3821 1421 3873 pro
1433 3821 1484 3874 quo

326 3903 431 3968 peterat
446 3917 509 3954 sane
526 3901 659 3967 dici'qaid
675 3916 707 3952 ea
728 3907 815 3951 oestro
838 3898 955 3950 libertate
974 3898 1025 3957 erit
1040 3895 1214 3956 retinendum,
1232 3907 1336 3944 necesse
1352 3880 1404 3945 n'on
1421 3895 1486 3955 erat,

327 4003 358 4040 ac
375 3988 479 4055 saepius
497 3987 529 4039 de
547 3991 621 4055 parte
644 3987 730 4054 aliqua
750 3987 850 4039 numeri
867 3983 1087 4049 multitudinisque
1111 3981 1139 4031 in
1162 3980 1213 4030 dici
1235 3982 1344 4032 constat.
1381 3978 1485 4042 Contra,

326 4074 397 4143 quod
416 4059 555 4127 deteriores
568 4073 668 4126 codices
679 4073 868 4135 commendant,
885 4071 950 4136 perid
966 4067 1120 4121 existimatis
1137 4066 1265 4133 integrant
1276 4064 1337 4132 sare
1354 4066 1382 4116 in
1399 4071 1486 4116 restra

326 4155 447 4213 libertate
463 4161 614 4223 retinenda,
641 4176 730 4214 uereor
756 4163 785 4212 nt
802 4160 892 4212 Latine
916 4156 1053 4225 quidquam
1076 4153 1159 4220 possit
1178 4168 1235 4205 csse
1258 4152 1401 4204 aliudnisi
1423 4151 1485 4204 hoe:

326 4246 390 4316 quid
408 4247 564 4299 existimatis
582 4262 660 4315 posse
677 4246 733 4299 fieri
748 4248 776 4298 in
795 4249 881 4298 vestra
898 4243 1018 4294 libertate
1036 4238 1182 4303 retinenda,
1200 4238 1269 4306 qnod
1286 4253 1338 4290 non
1354 4237 1432 4290 Xuiri
1449 4235 1487 4287 illi

327 4333 403 4401 quasi
419 4327 573 4395 inchoarint,
590 4332 653 4384 nihil
672 4332 703 4384 de
716 4330 849 4384 retinenda
860 4335 946 4382 vestra
957 4328 1076 4379 libertate
1089 4341 1182 4378 novum
1199 4326 1345 4393 excogitare
1356 4323 1487 4391 poteritis:
1549 4383 1556 4397 ἱ

327 4417 397 4472 unde
415 4418 545 4471 contraria
562 4433 592 4470 ac
610 4419 747 4484 requiritur
763 4417 892 4470 sententia
909 4415 1003 4467 existit.
1024 4441 1056 4450 —
1075 4414 1104 4476 ii,
1123 4430 1185 4479 praes
1207 4440 1244 4479 —y
1260 4410 1365 4470 timetis,
1384 4409 1400 4459 i.
1418 4423 1441 4468 0.
1460 4405 1488 4459 0.

328 4503 519 4557 (1008010111.
537 4503 660 4568 Crassus,
684 4519 748 4571 quos
770 4505 821 4555 iam
840 4518 918 4570 supra
936 4503 977 4566 §l
997 4501 1105 4553 notavit.
1133 4529 1166 4537 -
1193 4498 1264 4550 eirea
1284 4494 1409 4563 Capuam.
1445 4492 1489 4544 Sic

271 4592 279 4605 ⁶
328 4591 473 4645 rectissime
490 4592 568 4644 scribi
581 4597 657 4660 atque
675 4589 871 4659 improbandam
880 4604 937 4642 esse
955 4571 1056 4639 illorum
1075 4586 1236 4646 deteriomm,
1256 4596 1321 4648 ques
1340 4579 1410 4641 dixi,
1421 4572 1496 4630 cedi?

328 4692 389 4731 cum
405 4676 543 4731 lectionem
566 4680 638 4732 circa
660 4695 718 4732 earn
740 4679 835 4745 optime
858 4664 1048 4730 demonstrarit
1062 4671 1200 4726 Gebhardt.
1218 4669 1284 4776 librp
1302 4666 1380 4718 citato
1398 4680 1424 4730 p.
1444 4662 1488 4724 ll;
1549 4744 1552 4750 Ι

851 4759 855 4767 ’
1249 4753 1265 4804 2
