3550 5492
797 593 1009 658 ,96-

326 760 369 824 sit
391 778 482 842 quern
504 755 668 842 praeterit?
691 776 777 841 posse
800 757 1032 840 quibuscunque
1047 747 1121 822 locis
1135 757 1251 840 'velint
1274 757 1366 823 nulla
1387 757 1477 823 disce·

325 863 473 948 piatione,
497 860 582 926 nullo
604 858 730 926 consilio
751 861 872 944 private
894 860 1205 946 publicare,'publica
1226 861 1379 927 liberare?
1423 862 1478 929 llx-

325 965 439 1050 cipitur
465 964 522 1028 hnc
548 964 646 1049 capite
675 983 746 1047 ager
768 962 892 1028 Siciliae
923 961 1092 1027 censorius:
1127 982 1217 1047 quem
1245 983 1300 1047 ego
1314 962 1477 1049 excipiet

410 1173 444 1214 5¹1.
457 1182 511 1222 ouer
524 1174 547 1213 tn
559 1173 636 1215 Sicilie
649 1172 808 1215 Recentoricus.

408 1344 450 1397 57.
468 1340 548 1396 nullo
559 1344 757 1412 disceptatione,
779 1342 850 1394 nullo
868 1341 983 1394 coercitio,
1019 1342 1162 1411 Diceptatio
1184 1343 1209 1395 in
1228 1357 1257 1395 eo
1275 1347 1315 1396 est
1333 1344 1432 1413 posite,
1452 1349 1476 1398 ut

323 1431 434 1484 rationes
452 1435 478 1483 et
495 1446 542 1499 pro
560 1445 639 1482 causa
655 1433 682 1482 et
699 1431 787 1481 contra
811 1444 867 1480 eam
885 1427 1036 1492 afferantnr3
1060 1428 1194 1481 consilium
1216 1432 1256 1481 est
1278 1429 1409 1493 iudicum,
1431 1445 1475 1499 que

323 1531 387 1584 opus
405 1520 445 1569 est
469 1518 495 1568 in
518 1515 576 1568 aliis
600 1514 858 1579 causis'iudicandis,
885 1513 1000 1567 velutin
1021 1513 1221 1578 hereditatibus,
1245 1514 1276 1567 de
1300 1516 1397 1583 quibus
1416 1517 1430 1581 ξ
1446 1516 1474 1568 44

322 1602 394 1655 dixit.
431 1601 469 1656 ut.
493 1617 558 1669 quae
581 1600 712 1669 disputata
734 1603 793 1653 sunt
816 1614 895 1667 supra
913 1599 946 1651 ad
968 1598 1041 1664 533.
1083 1598 1205 1652 Liberore
1232 1603 1317 1653 autem
1341 1602 1408 1655 dicit
1422 1603 1441 1655 i.
1456 1617 1475 1655 e.

322 1688 457 1757 vectigali,
476 1687 545 1756 quod
563 1689 608 1740 aut
624 1686 772 1755 impositum
790 1689 829 1737 est
847 1687 892 1737 aut
908 1685 1007 1752 imponi
1024 1684 1112 1749 debet,
1130 1683 1197 1737 unde
1214 1683 1256 1749 fit,
1277 1689 1306 1738 ut
1322 1701 1358 1738 ex
1376 1686 1474 1755 publico

323 1786 384 1840 agro
402 1771 519 1839 privatus
547 1771 657 1824 existere
685 1769 808 1822 rideatur.
847 1768 972 1822 Similiter
996 1769 1029 1821 ad
1046 1769 1100 1822 Att.
1118 1769 1142 1833 Ι,
1161 1769 1207 1833 19,
1224 1770 1241 1822 4
1258 1770 1321 1825 dicit
1340 1770 1474 1827 liberabam

322 1874 420 1925 aproru-
432 1873 495 1920 euin,
513 1857 529 1909 i.
539 1872 562 1910 e.
580 1871 612 1908 ex
629 1855 754 1909 divisione
771 1855 938 1922 excipiebam.
961 1855 999 1910 ct.
1018 1859 1082 1909 orat
1099 1855 1120 1920 I,
1128 1857 1153 1920 4,
1173 1856 1212 1909 10.
1230 1885 1264 1894 -
1286 1874 1352 1926 uper
1369 1857 1475 1913 Siciliae

322 1944 460 1996 censoriae.
497 1943 646 1996 Genitirum
664 1940 775 1996 Sicitioe
792 1943 897 1996 exhibet
913 1957 978 1996 unus
996 1940 1053 1995 cod.
1070 1940 1132 2009 Lag.
1147 1941 1171 2006 9,
1189 1931 1296 2011 eumque
1314 1956 1406 1997 verum
1423 1960 1475 1998 esse

321 2029 434 2082 ostendit
452 2031 593 2082 ceterorum
610 2028 708 2092 vitium,
727 2029 845 2096 quicum
863 2026 959 2081 Sicilia
976 2028 1138 2096 praeberent,
1155 2028 1265 2081 editores
1283 2028 1388 2083 demum
1406 2046 1474 2100 pree·

321 2116 476 2183 positionem
493 2115 523 2166 in
540 2114 695 2167 adiecerunt.
730 2115 884 2184 Appellatur
905 2119 990 2168 autem
1013 2114 1117 2183 egerin
1142 2113 1272 2167 codicibus
1290 2112 1474 2170 Recentoricus

321 2200 375 2252 sive
393 2198 586 2263 Retentoricus,
604 2203 631 2252 et
652 2201 694 2253 hic
712 2204 738 2253 et
761 2201 837 2268 paulo
859 2199 928 2275 inira
945 2201 971 2251 et
987 2198 1014 2250 in
1032 2200 1096 2251 orat.
1114 2197 1126 2250 I
1143 2199 1157 2263 ξ
1176 2198 1210 2251 10
1226 2201 1253 2250 et
1271 2198 1311 2252 11.
1349 2198 1400 2277 Qui
1418 2216 1474 2270 ager

311 2284 377 2353 quis
395 2284 485 2349 fuerit,
503 2283 649 2354 nonduma
671 2300 798 2353 quoquam
815 2286 983 2352 interpretum
1006 2283 1146 2336 indicatum
1169 2298 1226 2337 esse
1245 2284 1335 2349 niden,
1358 2286 1473 2354 ignotam

319 2382 375 2422 esse
393 2370 506 2422 fatentur
524 2384 621 2422 omnes.
651 2369 703 2423 Sed
720 2370 843 2423 iaciamus
863 2386 956 2423 nomen
973 2371 1037 2422 illud
1055 2386 1112 2423 esse
1129 2371 1170 2423 vel
1188 2371 1301 2424 civitatis
1318 2372 1362 2425 vel
1379 2373 1473 2442 pepuli,

318 2473 378 2510 uum
396 2456 424 2509 id
440 2457 467 2509 in
485 2456 573 2509 Sicilia
589 2456 668 2510 latere
686 2472 763 2526 pesse
780 2458 914 2525 probabile
934 2458 990 2509 est?
1023 2454 1196 2510 Extanttam
1213 2455 1352 2524 diligentes
1370 2473 1474 2527 geogra-
1496 2522 1502 2529 Ι

317 2543 424 2609 phorum
437 2543 469 2594 de
480 2542 526 2594 illa
536 2541 621 2595 insula
635 2544 802 2606 narrationes,
814 2547 866 2596 tam
880 2558 957 2612 saepe
969 2558 999 2594 ea
1017 2542 1050 2594 ab
1068 2542 1124 2595 aliis
1138 2543 1305 2612 scriptoribus
1321 2533 1473 2599 'commeme

317 2632 397 2694 ratur,
414 2633 443 2681 ut
460 2630 503 2682 rix
521 2628 598 2682 ullam
621 2629 698 2698 paulo
720 2630 843 2694 maiorem
860 2630 999 2703 “civitatem
1022 2628 1136 2696 ignotam
1155 2631 1228 2683 nobis
1251 2647 1308 2685 esse
1332 2633 1472 2687 credemus.

317 2713 405 2782 Neque
422 2715 449 2768 in
466 2716 499 2769 iis
519 2731 584 2785 quae
601 2715 702 2784 prodita
718 2719 778 2768 sunt
795 2715 940 2768 nominibus
958 2716 999 2766 est
1010 2713 1098 2777 ullum,
1116 2714 1184 2781 quod
1204 2714 1289 2782 aliqua
1306 2716 1472 2771 similitudine

318 2800 350 2851 ad
368 2800 417 2853 hoc
435 2799 548 2854 accedat.
583 2802 704 2868 Magnum
723 2804 806 2853 autem
823 2800 903 2853 luisse
920 2799 987 2852 hunc
1004 2813 1102 2866 agnam,
1120 2813 1152 2851 ex
1169 2800 1214 2864 ec',
1238 2800 1306 2869 qued
1324 2803 1471 2857 nominatim

317 2886 343 2937 in
361 2886 409 2938 hac
426 2886 483 2954 lege
501 2887 685 2954 excipiebatur,
702 2886 877 2954 intelligimus,
895 2886 956 2938 item
975 2884 1042 2954 quod
1055 2884 1143 2937 Cicero
1161 2885 1377 2942 uecessitudinem
1395 2888 1471 2941 hnmi-

316 2987 377 3023 num
396 2976 583 3025 commemorat
606 2971 733 3037 Efficitur,
750 2975 779 3024 ut
791 2972 893 3024 omnino
906 2971 1017 3024 civitatis
1036 2970 1143 3024 alicuius
1161 2974 1205 3024 aut
1222 2972 1311 3040 pepuli
1328 2972 1470 3029 Siciliensis

316 3057 446 3123 agerdici
465 3074 515 3110 uon
533 3058 660 3111 rideatur.
700 3057 787 3125 Atque
805 3057 831 3109 id
848 3057 925 3109 etiam
949 3056 1115 3109 alienatione
1136 3056 1167 3109 fit
1186 3058 1333 3125 probabile.
1372 3060 1470 3119 Etenim

317 3141 372 3210 agri
389 3141 464 3194 huius
482 3158 643 3210 possessores
662 3141 750 3196 Cicero
767 3145 874 3212 prepter
892 3145 1045 3195 vetustatem
1058 3143 1230 3210 possessionis
1248 3145 1397 3219 retinendos
1415 3160 1469 3200 esse

315 3228 410 3278 censet.
445 3227 498 3279 lam
517 3229 684 3295 complurium
701 3228 834 3280 civitatum
852 3242 929 3297 agros
948 3226 1016 3280 belle
1033 3225 1130 3280 Punico
1148 3229 1230 3296 primo
1247 3230 1366 3299 publicos
1383 3232 1469 3303 pepuli

314 3310 423 3362 Romani
440 3311 521 3364 factos
540 3328 597 3364 esse
615 3316 725 3377 constat,
742 3313 911 3381 complurium
928 3312 996 3365 belle
1015 3312 1111 3376 altere,
1133 3329 1180 3366 nec
1198 3317 1257 3368 ante
1273 3315 1318 3368 ille
1335 3316 1405 3371 belle
1421 3319 1468 3371 no-

314 3394 382 3446 mani
400 3410 511 3464 unquam
530 3397 562 3449 ad
580 3398 695 3451 Siciliam
717 3402 886 3453 accesserant.
922 3398 1005 3463 Quare
1028 3399 1050 3451 si
1068 3399 1158 3463 huius,
1181 3402 1225 3469 qui
1242 3402 1427 3458 Recentoricus
1443 3405 1468 3456 in

314 3479 368 3532 cod.
388 3480 515 3547 scribitur,
534 3485 590 3551 agri
607 3499 769 3552 possessores
789 3486 836 3537 hac
854 3501 905 3536 una
917 3486 1054 3538 uetustitis
1072 3501 1148 3538 causa
1161 3489 1351 3554 possessionem
1363 3490 1468 3544 tueban-

313 3569 362 3629 tur,
380 3581 465 3637 nonne
483 3583 514 3620 ex
533 3569 719 3638 compluribus,
743 3586 807 3639 quae
825 3571 914 3624 eodem
936 3574 1050 3640 tempere
1071 3571 1217 3639 publicatae
1238 3577 1299 3626 sunt
1322 3575 1467 3629 annuens

313 3668 389 3704 unam
409 3656 505 3707 tentum
524 3655 649 3708 nominari
668 3657 761 3710 mirum
779 3659 845 3710 erit?
883 3656 937 3710 Nec
959 3672 1019 3709 uero
1037 3661 1077 3710 est
1100 3659 1245 3726 appellatus
1269 3660 1301 3712 ab
1320 3660 1467 3726 Recentere,

312 3742 397 3791 uetere
415 3756 571 3808 possessore.
601 3741 667 3795 Nam
685 3759 731 3796 nec
749 3759 857 3812 magnus
876 3757 933 3796 esse
952 3744 1043 3811 poluit,
1061 3744 1084 3797 si
1102 3743 1153 3796 fuit
1169 3744 1262 3812 privati
1278 3746 1405 3812 heminis3
1423 3762 1468 3800 nec

311 3825 334 3878 is
352 3830 425 3879 retus
443 3842 578 3895 possessor
590 3843 640 3881 non
658 3828 769 3883 debebat
786 3844 843 3883 esse
860 3828 901 3883 vel
914 3828 1027 3882 Graecus
1044 3829 1085 3882 vel
1097 3827 1207 3894 Poenus,
1220 3830 1371 3886 Recentoris
1384 3837 1467 3887 autem

311 3928 412 3978 nomen,
430 3916 453 3967 si
471 3915 549 3968 ullum
568 3920 615 3980 est,
634 3920 702 3971 certe
720 3921 760 3971 est
779 3918 929 3971 Romanum.
965 3915 1071 3968 Accedit
1087 3916 1144 3980 hoc,
1160 3915 1228 3984 quod
1240 3919 1410 3972 communiter
1421 3934 1467 3973 nec

311 3998 422 4051 civitatis
450 4016 496 4053 nec
523 4002 617 4070 privati
642 4003 751 4057 hominis
777 4003 848 4055 illum
869 4018 957 4071 agrum
985 4003 1066 4056 fuisse
1092 4002 1191 4057 doceat.
1232 4003 1297 4057 Nam
1322 4020 1380 4058 eum
1403 4006 1467 4059 (luae

310 4086 413 4138 omnine
431 4087 527 4139 sintin
545 4088 592 4140 hac
609 4087 666 4157 lege
677 4089 847 4157 exceptiones,
866 4104 918 4140 una
930 4089 962 4141 de
980 4103 1042 4157 agro
1052 4088 1215 4158 Hiempsalis,
1233 4089 1265 4142 de
1282 4104 1332 4158 quo
1345 4090 1466 4161 deinceps

310 4169 415 4236 dicitur,
440 4172 520 4225 altera
538 4172 569 4225 de
588 4189 649 4241 agro
671 4175 720 4228 hoc
737 4173 918 4240 Recentorice,
930 4181 933 4187 '
946 4175 1019 4246 illum
1040 4191 1092 4229 nen
1118 4177 1220 4230 nomine
1245 4178 1387 4232 indicatum
1410 4194 1466 4234 esse

308 4254 495 4321 videmussed
513 4258 765 4327 tectesignificatnm
784 4265 914 4331 umquam
929 4275 995 4326 eum,
1019 4261 1051 4315 de
1072 4278 1122 4332 que
1134 4263 1236 4316 foedere
1257 4267 1360 4318 cautim
1382 4270 1462 4320 ennete

308 4353 386 4407 quare
404 4355 436 4393 ne
449 4340 500 4393 hun
529 4341 630 4409 quidem
643 4345 743 4397 nemine
758 4332 923 4414 appellatum,
942 4346 987 4401 sed
1004 4362 1098 4418 genere
1114 4347 1284 4420 significatum
1303 4365 1361 4404 esse
1379 4351 1466 4405 existi·

308 4425 443 4479 mabimus.
478 4426 605 4480 Nmirum
623 4429 671 4482 hoc
687 4432 738 4501 iam
756 4432 916 4502 relinquitur,
933 4437 963 4488 ut
981 4448 1061 4504 genus
1079 4437 1135 4506 egri
1151 4436 1286 4491 iudicetur.
1323 4437 1378 4491 Sed
1389 4438 1465 4509 quale

308 4508 373 4561 fuit?
407 4509 462 4562 Hoc
478 4508 534 4563 loce
552 4509 641 4565 Cicero
668 4515 705 4566 eit
730 4530 788 4569 esse
805 4519 875 4579 haud
893 4518 969 4573 dubie
986 4522 1130 4590 publicum,
1157 4521 1202 4575 sed
1228 4523 1289 4591 quia
1311 4524 1339 4577 in
1361 4529 1465 4581 vetuste

306 4597 470 4664 possessione
487 4597 529 4664 sit,
548 4613 655 4668 amnem
673 4615 729 4655 esee
747 4603 886 4672 epudeos,
905 4605 949 4672 qui
965 4605 1123 4673 possideant,
1141 4605 1262 4676 relinqui;
1280 4608 1464 4677 atoratienel,

307 4696 383 4749 quem
401 4682 428 4735 in
446 4688 536 4737 senatu
554 4684 652 4750 habuit,
670 4687 725 4751 §11
745 4688 795 4742 dici
812 4698 996 4761 nonnunquam
1013 4704 1071 4747 nese
1082 4690 1221 4761 publicum,
1238 4696 1269 4747 ut
1284 4694 1333 4748 linc
1349 4684 1422 4765 loco,
1434 4698 1465 4751 nt
