3550 5492
865 605 1078 671 ...(34.-

397 772 474 856 quit,
495 796 555 855 qao
570 774 741 834 lrcducrunt
756 771 876 833 11qu
897 771 963 851 lupe
987 767 1180 852 Serrprorria.
1214 766 1320 830 Audes
1336 765 1444 846 etium,
1456 765 1546 846 Rulle,

397 875 585 939 mentionem
613 875 711 937 facere
739 873 816 956 legis
839 868 1057 957 Semproniae?
1089 890 1146 933 nec
1176 875 1206 933 te
1233 891 1269 933 ea
1297 869 1347 933 lex
1376 869 1449 954 ipsa
1476 889 1547 934 corn·

396 983 501 1043 monet
519 976 644 1042 Illvircs
666 976 734 1039 illos
757 976 873 1040 XXXV
895 975 1034 1039 tribuum
1063 971 1206 1055 suffragio
1234 993 1301 1036 esse
1326 971 1467 1037 creatos?
1507 973 1547 1052 Et,

397 1101 468 1144 cum
489 1086 523 1144 tu
554 1080 642 1142 aTi.
666 1079 794 1142 Gracchi
824 1079 978 1163 aequitate
1008 1098 1042 1140 ac
1071 1074 1186 1160 pudore
1214 1074 1392 1158 longissime
1423 1081 1548 1140 remotus

397 1184 450 1264 sis,
474 1184 516 1263 id,
539 1182 619 1267 quod
643 1182 852 1247 dissimillima
873 1182 991 1246 ratione
1013 1181 1129 1243 factum
1151 1179 1208 1259 sit,
1239 1179 1345 1242 eodem
1375 1179 1446 1243 iure
1468 1185 1548 1265 putas

274 1303 464 1369 x111‚32esse
486 1285 642 1371 oportere?
686 1287 748 1349 Dat
775 1292 930 1370 praeterea
957 1289 1155 1369 potestatem,
1185 1282 1277 1346 verbo
1300 1283 1504 1366 praetoriam,
1523 1303 1549 1345 re

396 1411 469 1454 vcra
491 1389 624 1470 regiam:
649 1389 756 1452 definit
779 1390 811 1452 in
834 1387 1092 1473 quinquennium,
1115 1385 1188 1449 lacit
1202 1385 1443 1468 sempiternam3
1464 1385 1549 1450 tantis

336 1520 343 1541 r
396 1492 481 1555 enim
503 1491 663 1554 confirmat
678 1491 787 1574 opibus
803 1497 833 1554 et
849 1491 953 1575 copiis,
969 1495 1004 1554 ut
1025 1488 1135 1553 invitis
1151 1487 1331 1572 eripi'nullo
1345 1487 1440 1552 medo
1454 1488 1549 1573 possit

445 1716 448 1725 ι
482 1675 530 1721 ipsa
544 1675 585 1712 lex.
599 1693 623 1702 -
637 1677 720 1712 creator
734 1682 784 1711 esse.

398 1836 450 1889 Alii
468 1838 609 1904 praeeunte
621 1835 751 1903 Naugerio
770 1835 930 1901 scripserunt
944 1833 1058 1902 euspicii
1075 1833 1122 1885 col.
1140 1832 1197 1886 ded.
1215 1849 1303 1895 eurise,
1318 1832 1461 1899 iungentes
1473 1832 1551 1901 auspi·

398 1922 643 1974 <coaceruatorum
662 1921 884 1982 deducendorum,
906 1920 933 1971 in
952 1935 1001 1987 quo
1020 1923 1045 1971 et
1063 1919 1200 1988 singularis
1222 1919 1367 1987 auspicium
1384 1921 1413 1971 et
1431 1919 1551 1988 genitivus

398 2011 422 2061 ei
440 2008 556 2060 adiectus
575 2004 702 2075 displicet.
730 2006 820 2059 llelius
830 2006 956 2059 Graevius
974 2006 1010 2058 cd
1026 2006 1145 2075 euspicio
1164 2005 1322 2057 calcaturum
1339 2003 1552 2067 deducendarum

399 2095 519 2148 omittens
538 2110 631 2156 ceusu,
655 2094 700 2145 sed
723 2093 760 2144 ibi
784 2107 883 2160 quoque
906 2092 1034 2159 genitivus
1057 2092 1102 2143 rix
1124 2091 1207 2159 possit
1228 2089 1341 2158 probari.
1377 2089 1434 2143 Nos
1458 2090 1551 2160 quiden

399 2184 497 2232 tuemur
515 2178 584 2247 quod
602 2177 703 2230 codices
721 2178 825 2243 hahent,
842 2178 1016 2246 pullariusque
1029 2177 1088 2230 addi
1101 2193 1234 2231 censemus
1253 2175 1404 2235 ἀσυνδέτως.
1429 2175 1469 2230 Of.
1482 2190 1551 2245 supra

399 2265 432 2317 ad
449 2265 514 2329 §ll
545 2263 668 2332 Auspicia
685 2265 764 2333 igitur
781 2263 910 2316 habehant
927 2263 1016 2328 Xuiri,
1039 2263 1085 2316 sed
1102 2280 1154 2317 non
1171 2263 1274 2327 eadem,
1291 2277 1356 2330 quae
1375 2262 1499 2316 consules
1515 2266 1551 2315 aut

398 2354 538 2418 praetores,
557 2351 601 2404 sed
620 2366 649 2401 aa
668 2353 782 2414 tanturn,
800 2367 865 2419 quae
885 2351 918 2402 ad
936 2351 1050 2402 colonias
1069 2349 1229 2402 deducendas
1245 2365 1309 2416 opus
1325 2352 1414 2414 erant3
1434 2364 1513 2419 quare
1529 2353 1551 2401 ut

399 2438 500 2504 supra}
514 2438 545 2490 ‘li
563 2437 667 2488 comitia
679 2438 778 2489 curiata
799 2437 970 2505 auspiciorum
988 2452 1074 2500 causa,
1091 2437 1108 2488 i.
1122 2452 1143 2490 e.
1162 2440 1191 2488 ut
1209 2436 1323 2503 auspicia
1340 2434 1443 2501 fierent,
1461 2451 1551 2490 reman-

400 2524 463 2574 sisse
483 2523 527 2586 ait,
544 2524 582 2574 ita
599 2523 642 2575 hic
662 2523 776 2590 auspicia
792 2522 886 2575 hahere
904 2522 1010 2586 Xuiros,
1027 2526 1056 2574 ut
1074 2508 1188 2574 coloniae
1206 2524 1275 2573 recte
1294 2521 1493 2576 deducerentur.
1520 2522 1551 2575 lie

399 2609 457 2676 ipso
476 2609 645 2676 auspiciorum
663 2625 764 2677 genere,
782 2609 850 2676 quod
863 2609 944 2672 daret,
963 2607 1025 2660 nihil
1042 2609 1069 2659 in
1081 2607 1137 2676 lege
1155 2623 1200 2659 sua
1214 2611 1379 2675 praeceperat
1396 2608 1501 2673 Rullus,
1512 2606 1551 2661 sed

399 2695 440 2747 ius
459 2695 519 2747 olim
539 2712 554 2745 a
572 2694 689 2748 Graccho
707 2695 873 2747 constitutum
892 2697 994 2747 secutus
1013 2698 1077 2746 erat.

486 2797 527 2850 32.
545 2797 806 2867 cerdeprcetoricru.
835 2796 914 2850 Iussit
931 2798 1010 2865 igitur
1028 2797 1118 2849 Rullus
1129 2795 1226 2849 Xuiros
1245 2811 1302 2848 esse
1320 2798 1551 2864 propraetoribus,

400 2888 427 2936 ut
445 2883 513 2936 idem
531 2884 572 2936 ius
589 2885 714 2936 haberent
733 2883 802 2951 quod
820 2887 961 2951 praetores,
988 2883 1076 2951 Neque
1089 2883 1116 2935 id
1126 2881 1214 2935 Gicero
1228 2883 1250 2935 si
1263 2897 1321 2935 vere
1338 2881 1457 2936 iudicare
1475 2883 1551 2945 vellet,

398 2971 544 3037 vituperare
562 2973 670 3038 poterat.
711 2970 777 3022 Nam
800 2985 887 3021 ornnes
906 2973 1036 3022 curatores
1065 2969 1179 3036 agrarios
1197 2969 1245 3022 hoc
1262 2970 1316 3022 iure
1334 2968 1416 3022 fuisse
1436 2970 1550 3031 arbitron

398 3054 430 3107 dc
454 3056 730 3124 ceterissuspicamur
753 3060 867 3120 tanturn,
895 3055 941 3107 sed
957 3054 1094 3117 XXvir0s‚
1122 3070 1186 3123 quos
1205 3054 1232 3108 G.
1251 3054 1345 3107 Caesar
1371 3055 1398 3106 in
1422 3048 1571 3110 consulatu

398 3157 518 3210 agrorum
535 3142 728 3196 dividendorum
747 3157 825 3194 causa
843 3141 983 3203 constituit,
1001 3141 1123 3207 praetorii
1140 3141 1203 3193 iuris
1220 3141 1300 3194 tuisse
1318 3156 1422 3209 eosque,
1445 3144 1491 3212 qui
1505 3143 1550 3195 iau

397 3229 541 3294 praetoriae
560 3228 692 3294 dignitatis
710 3232 809 3291 essent,
828 3227 911 3278 iactos
929 3241 986 3278 esse
1004 3229 1113 3279 constat.
1149 3226 1238 3295 Neque
1258 3226 1323 3280 illud
1339 3227 1498 3295 reprehendi
1513 3241 1550 3296 pe

397 3317 472 3377 terat,
491 3315 558 3382 quod
576 3315 604 3366 in-
623 3314 824 3382 quinquennium
841 3314 996 3379 potestatem
1015 3310 1100 3365 dabat.
1130 3312 1205 3377 Nam,
1224 3319 1252 3367 ut
1270 3312 1398 3377 consules,
1415 3317 1551 3383 praetores,

398 3400 488 3467 reliqui
512 3401 634 3453 ordinarii
652 3402 818 3468 magistratus
840 3397 906 3450 fiunt
929 3399 1019 3462 annui,
1041 3398 1079 3450 ita
1103 3404 1234 3452 curatores
1259 3415 1336 3469 saepe
1358 3399 1479 3454 solebant
1500 3399 1551 3468 plue

397 3502 473 3553 quarn
493 3487 569 3538 arrnui
588 3488 665 3555 spatii
684 3486 773 3539 creari.
801 3484 958 3552 Quamquam
978 3484 1150 3537 Gracchorum
1161 3482 1266 3538 Illviros
1279 3501 1378 3538 annuos
1391 3485 1476 3541 luisse
1488 3485 1552 3539 nori·

397 3587 462 3624 mus.
480 3599 515 3609 —
531 3572 633 3625 Deinde
651 3580 777 3639 ornctsq.
808 3570 934 3634 Quattuor
951 3586 1044 3639 genera
1063 3583 1252 3636 commemorat,
1269 3572 1361 3640 quibus
1379 3570 1459 3625 Xriri
1475 3570 1552 3627 ornae

399 3658 459 3711 sint.
489 3658 555 3710 Nam
573 3659 622 3711 hoc
640 3658 754 3710 mirandi
769 3657 874 3710 uerbum
893 3659 1024 3725 proprium
1042 3662 1082 3711 est
1099 3658 1131 3710 de
1148 3657 1224 3710 rebus
1242 3658 1402 3721 necessariis,
1420 3673 1489 3726 quae
1505 3673 1552 3710 ma

398 3743 558 3811 gistratihus
576 3744 630 3796 sire
648 3745 666 3795 ii
684 3744 753 3795 intra
770 3744 858 3796 urbem
883 3745 961 3796 iuturi
979 3749 1039 3798 sunt
1057 3746 1110 3798 sive
1129 3749 1201 3797 extra
1223 3744 1377 3813 profecturi,
1393 3745 1552 3812 praebentur.

396 3828 435 3881 Ac
453 3829 600 3882 consulibus
618 3828 734 3897 quidem,
751 3831 923 3896 praetoribus,
944 3832 1048 3899 reliquis
1067 3831 1203 3883 ordinariis
1221 3830 1414 3899 magistratibus
1432 3835 1552 3900 quantum

397 3931 429 3966 ex
447 3931 547 3983 quoque
571 3929 663 3982 genere
686 3913 822 3979 debeatur,
849 3919 934 3969 vetere
958 3919 1011 3970 sive
1029 3933 1098 3970 more
1117 3918 1171 3970 sire
1188 3917 1244 3985 lege
1262 3920 1375 3970 constat:
1402 3918 1449 3984 qui
1475 3919 1553 3971 aum

371 4039 375 4047 .
398 4002 544 4069 provincias
563 4001 648 4053 sortiti
666 4004 733 4065 sunt,
752 4003 770 4053 ii
790 4020 803 4053 a
822 4007 914 4076 senatu
931 4003 1014 4056 solent
1026 4004 1119 4067 ornari,
1136 4004 1247 4071 itemque
1266 4003 1309 4071 qui
1326 4003 1552 4057 extraordinarium

398 4088 509 4155 aliquam
528 4088 684 4139 curationem
704 4094 865 4157 acceperunt.
902 4089 984 4153 Quare
1004 4089 1042 4143 Ti.
1061 4088 1193 4142 Gracchus
1211 4089 1271 4141 olim
1295 4092 1434 4156 postquam
1452 4090 1552 4144 lllriroe

400 4174 470 4240 agris
488 4171 632 4224 dividendis
648 4162 792 4239 constituit,
811 4192 868 4229 cum
881 4181 999 4229 senatum
1018 4176 1115 4229 adisset
1126 4177 1261 4244 ornarique
1278 4191 1322 4228 eos
1340 4175 1476 4241 voluisset,
1496 4172 1553 4229 nihil

396 4257 555 4324 impetrarat.
593 4258 734 4325 Optimatcs
762 4262 830 4313 enim
857 4266 958 4315 tautum
984 4277 1060 4314 senos
1083 4263 1110 4315 in
1133 4262 1200 4315 diem
1219 4263 1353 4316 sestertios
1375 4262 1553 4317 concesserant
1590 4302 1592 4309 .

397 4341 475 4406 (Plut.
494 4342 532 4394 Ti.
553 4341 660 4399 Gracch.
680 4346 730 4411 13).
775 4348 863 4416 ltaque
885 4349 929 4416 qui
955 4347 1077 4415 deinceps
1094 4347 1164 4416 leges
1187 4349 1302 4416 agrarias
1330 4347 1552 4416 scripserunt‚iu
1590 4374 1592 4399 ι

394 4428 459 4496 ipsis
485 4427 585 4496 legibus
607 4436 703 4499 quanta
726 4435 887 4487 curatoribus
910 4434 1010 4488 ornatio
1034 4433 1117 4486 danda
1141 4438 1222 4500 esset,
1249 4434 1377 4488 ascribere
1401 4438 1553 4503 senatusque

395 4513 515 4566 iudicium
535 4530 660 4585 occupare
679 4520 805 4585 solebant,
823 4536 931 4589 eumque
944 4535 1039 4572 morem
1057 4524 1129 4574 tanto
1148 4521 1248 4574 facilius
1266 4521 1356 4573 Rullus
1374 4520 1493 4575 imitatus
1509 4524 1552 4581 cst,

394 4599 463 4667 quod
485 4603 545 4653 tunc
568 4619 625 4656 cum
649 4606 676 4658 in
701 4607 758 4659 aliis
781 4610 834 4659 tum
852 4607 879 4659 in
898 4606 943 4659 Gn.
961 4606 1083 4676 Pompeio
1105 4606 1219 4660 ornando
1237 4607 1323 4675 plebs,
1350 4605 1419 4674 quod
1443 4606 1552 4677 alioquin

394 4690 497 4742 senatus
516 4689 609 4756 fuerat,
628 4692 677 4745 sibi
691 4693 807 4760 sumpsit.
835 4692 949 4745 Primum
967 4696 1051 4745 autem
1064 4708 1146 4763 mnus
1158 4708 1254 4758 eorum,
1273 4709 1337 4762 quae
1348 4692 1442 4747 Xriris
1455 4693 1553 4755 dantur,

1032 4857 1052 4925 t.
