3550 5492
711 490 1011 576 —15-‚

233 652 391 736 voluistis,
411 651 443 717 id
462 653 619 719 neminem
635 657 774 717 nostrum
792 651 964 717 cuiusmodi
982 658 1064 717 osset
1081 636 1312 721 intellecturum
1329 656 1394 723 exi-

234 756 412 824 stimastis?
456 757 613 842 Scriptum
640 763 688 821 cst
715 757 813 820 enim:
847 761 980 841 quaein
1007 762 1177 844 enuniesps'a
1203 783 1339 845 quasque
1360 766 1395 824 s'a

236 859 380 927 colonias
404 861 505 927 Xva'sa',
519 860 627 931 velint,
656 850 810 922 deducent
833 859 955 922 colonos
978 883 1053 942 quos
1075 861 1167 924 uelint
1189 873 1217 924 et
1237 866 1276 926 iis
1298 889 1394 947 apros

235 970 398 1048 asuqnent
419 967 529 1048 qasibsu
550 968 582 1026 in
598 965 673 1027 lons
694 948 803 1026 uelint:
825 969 870 1045 ut
893 984 964 1026 cum
986 968 1081 1027 totam
1096 964 1218 1029 Italiam
1240 966 1394 1051 militibus

237 1068 312 1133 suis·
329 1065 521 1150 occuparint,
550 1062 637 1127 uobis
660 1085 722 1127 non
745 1064 834 1128 modo
862 1063 1023 1147 dignitatis
1052 1065 1244 1150 retinendae,
1272 1068 1327 1132 sed
1354 1090 1394 1133 ne

235 1171 390 1237 libertatis
412 1169 537 1255 quidem
560 1169 783 1253 recuperandae
806 1190 876 1254 spes
899 1169 1100 1252 relinquatur.

323 1275 426 1358 Atque
454 1273 529 1336 haec
557 1294 647 1337 ame
668 1272 894 1358 suspicionibus
920 1278 950 1338 et
976 1275 1150 1339 coniectura
1176 1284 1437 1360 coarguuntur.18

236 1380 303 1448 lam
332 1377 433 1443 omnis
463 1375 602 1440 omnium
630 1375 753 1439 tolletur
787 1398 881 1440 error:
918 1376 981 1440 iam
1007 1385 1110 1462 aperte
1138 1379 1301 1444 ostendent
1333 1381 1394 1445 sibi

325 1533 442 1573 cuiusmodi
456 1537 510 1571 essee
524 1533 654 1570 neminemne
667 1536 768 1572 nostrum.
788 1552 814 1560 -
834 1533 1000 1572 existimavistis.
1017 1553 1039 1562 -
1060 1536 1191 1582 retinendae,
1204 1546 1277 1574 nerum
1290 1546 1323 1574 ne.
1337 1556 1361 1564 -

238 1656 363 1707 iacturam
381 1653 478 1704 colonis
501 1653 666 1715 transiretur,
693 1652 763 1705 nulla
780 1657 835 1705 erat
858 1667 944 1705 causa.
988 1653 1076 1721 Neque
1098 1655 1164 1708 enirn
1183 1656 1273 1707 Latine
1296 1658 1393 1708 tantum

239 1739 356 1792 coloniae
374 1739 544 1807 appellantur,
563 1755 627 1806 quae
644 1741 790 1792 universum
803 1739 925 1807 oppidum
943 1741 1068 1804 obtinent,
1085 1757 1173 1803 verum
1191 1742 1268 1794 etiam
1287 1740 1395 1809 siquod

239 1824 371 1876 bominum
389 1838 482 1891 corpus
500 1824 542 1875 vel
558 1825 640 1877 veteri
662 1824 778 1883 coloniae
795 1824 835 1875 vel
858 1825 998 1892 municipio
1015 1825 1052 1876 ita
1070 1814 1201 1891 adiicitur,
1219 1831 1261 1891 ut,
1279 1828 1394 1895 quamvis

240 1924 298 1962 cum
318 1909 422 1977 reliquis
441 1908 582 1972 coalescat,
606 1925 678 1961 suam
696 1911 781 1961 tamen
800 1909 928 1976 quandam
950 1903 1024 1976 quasi
1046 1909 1192 1962 interiorem
1211 1913 1394 1979 rempublicam

239 1997 358 2058 retineat,
375 2011 406 2047 ea
423 1996 484 2047 item
502 1995 601 2049 colonia
619 1997 667 2047 rite
685 1997 838 2048 nominatur.
864 1996 948 2065 Atque
966 1996 1041 2049 buius
1059 1998 1160 2064 generis
1177 1998 1282 2050 colonos
1292 1998 1395 2051 Rullum

239 2080 342 2149 oppidis
354 2079 444 2132 ltaliae
462 2079 554 2132 addere
573 2080 692 2145 voluisse,
710 2083 806 2133 utnon
825 2095 871 2147 per
888 2083 987 2133 ceteros
1003 2080 1100 2133 incolas
1118 2081 1228 2149 dispersi
1246 2072 1395 2150 singillatim

239 2165 302 2218 nibil
329 2165 456 2226 valerent,
487 2164 533 2216 sed
555 2164 664 2232 quodam
687 2166 755 2217 inter
773 2180 800 2216 se
818 2164 902 2217 vinclo
926 2165 1053 2218 coniuncti
1071 2165 1181 2219 Xvirum
1199 2168 1347 2220 memoriam
1366 2182 1395 2220 ac

238 2252 371 2304 caritatem
389 2252 528 2305 retinerent
545 2255 661 2319 apparet.
696 2251 735 2306 (li.
754 2256 817 2304 orat.
835 2251 867 2316 ll,
880 2251 923 2316 ⁸28,
935 2252 968 2306 75
989 2250 1023 2305 Ut
1039 2268 1100 2305 vero
1119 2260 1198 2305 totum
1216 2253 1324 2306 Italiam
1342 2254 1396 2306 suis
1459 2311 1465 2321 ‚

235 2334 380 2404 praesidiis
398 2334 513 2388 obsidere
530 2344 607 2403 utqsre
625 2353 751 2406 oeuspme
768 2337 888 2406 cogitent,
907 2353 1010 2403 quaeso,
1024 2336 1146 2401 Quirites,
1165 2340 1316 2409 cognoscite,
1328 2339 1397 2392 unde

237 2420 419 2487 intelligimus,
446 2437 496 2488 qua
523 2423 621 2474 ratione
645 2422 750 2474 colonos
773 2421 896 2474 aXviris
920 2411 1042 2474 deductos
1069 2422 1137 2474 inira
1157 2423 1251 2475 milites
1275 2423 1394 2492 appellet.

238 2508 320 2560 Paulo
333 2510 394 2574 post
410 2507 437 2559 in
455 2507 623 2572 collocatione
637 2509 773 2561 verborum
785 2508 867 2562 eod.9
886 2510 968 2562 secuti
987 2524 1083 2573 sumus,
1100 2510 1161 2561 item
1177 2509 1204 2561 in
1217 2510 1395 2579 ⁴interrogandi

238 2591 367 2660 particula
375 2606 407 2659 ne
416 2591 567 2656 omittenda,
578 2609 630 2661 qua
642 2593 756 2645 ridemur
765 2607 841 2660 posse
853 2606 948 2645 carere.
967 2591 1004 2644 Oi.
1015 2609 1093 2661 supra
1105 2594 1119 2657 ξ
1132 2593 1171 2645 16.
1193 2592 1258 2645 Nam
1270 2597 1299 2646 ut
1309 2594 1396 2646 existi·

239 2677 331 2730 mostis
348 2675 490 2741 ederemus,
506 2676 639 2729 meliorum
657 2676 772 2729 codicum
794 2677 933 2734 aucteritas
951 2676 1084 2729 suadebat.
1103 2705 1135 2713 -
1153 2693 1204 2728 non
1221 2678 1295 2731 eteocle
1312 2679 1396 2747 digni-

241 2762 304 2815 tatis
319 2760 471 2815 retinendae
488 2775 541 2828 seq.
570 2750 671 2813 ‘Netum
690 2759 870 2812 dominationis
888 2761 1050 2812 senatoribus
1067 2761 1197 2827 proponit,
1214 2776 1265 2826 qua
1282 2762 1396 2815 futurum

241 2850 283 2914 eit,
300 2852 330 2902 ut
346 2863 399 2900 non
416 2845 492 2899 modo
511 2850 614 2899 senatus
627 2846 774 2910 auctoritas,
792 2861 857 2912 quae
874 2846 902 2897 in
920 2847 1024 2898 civitate
1042 2862 1141 2898 summa
1153 2861 1210 2898 esse
1223 2846 1298 2898 debet
1310 2849 1397 2915 (atque

240 2935 268 2987 in
285 2949 317 2986 ea
332 2933 468 2987 retinenda
483 2932 535 2986 sita
552 2936 592 2987 est
609 2932 723 3001 dignitus
737 2935 846 2991 ,senatus
863 2932 993 3000 propria),
1011 2947 1098 2984 verum
1116 2932 1194 2984 etiam
1211 2932 1289 2984 tetius
1307 2931 1401 3000 populi·

240 3018 347 3070 libertas
365 3017 478 3094 tollatur.
514 3015 578 3069 Cum
596 3016 628 3068 ad
645 3016 768 3086 populum
787 3016 863 3079 dicit,
881 3020 945 3069 orat.
964 3016 1001 3079 ll,
1020 3015 1062 3080 ts,
1080 3015 1127 3080 73,
1149 3017 1175 3068 io
1193 3014 1282 3068 eadem
1305 3017 1353 3068 hae
1370 3032 1397 3069 re
1426 3031 1437 3053 ¹

240 3104 368 3157 libertatis
384 3107 483 3157 tautum
501 3103 631 3156 interitum
651 3103 774 3171 deplorat.
925 3096 928 3100 “

331 3189 371 3244 18.
388 3189 448 3242 Iam
466 3191 548 3243 ernau
565 3205 618 3258 seq.
644 3190 690 3243 De·
701 3190 801 3242 colonia
819 3189 934 3259 Capuam
951 3191 1100 3244 deducenda
1119 3190 1234 3245 dietums
1251 3190 1338 3258 priora
1356 3190 1398 3243 de·

240 3275 328 3328 bilitat
347 3275 422 3342 quasi
438 3274 630 3343 suspicionibus
642 3277 743 3327 tanturn
760 3274 831 3339 nina,
849 3291 907 3328 cum
919 3275 1082 3328 manifestum
1101 3277 1136 3328 sit
1152 3291 1209 3328 eum
1227 3278 1270 3345 qui
1283 3275 1397 3345 Capuam
1470 3324 1474 3331 .

239 3361 377 3414 restituere
394 3361 464 3427 velit,
480 3362 569 3414 urbem
587 3361 694 3412 Romam
713 3360 806 3414 odisse.
843 3361 968 3415 Nimirum
985 3363 1299 3417 hietimorbelloPunico
1317 3365 1398 3416 altero

241 3449 318 3499 natus
337 3451 385 3511 est,
403 3463 461 3500 cum
479 3446 603 3515 Campani
620 3447 772 3499 Hannibalis
793 3446 928 3516 promissis
944 3451 972 3501 in
990 3465 1061 3518 spem
1080 3450 1185 3503 adducti
1198 3451 1280 3514 'strnt,
1297 3449 1352 3501 iore
1370 3452 1399 3500 ut

240 3533 293 3601 ipsi
310 3531 400 3585 ltaliae
416 3533 579 3601 imperarent.
613 3532 681 3584 Hine
697 3536 738 3586 est
754 3533 822 3601 qued
839 3534 916 3602 paulo
933 3537 993 3602 poet
1010 3535 1047 3587 ait
1060 3534 1155 3587 'rursus
1173 3541 1314 3603 opponere,
1335 3536 1399 3585 tam·
1492 3564 1494 3568 ι

240 3633 318 3687 quam
335 3618 412 3680 Xuiri
428 3617 586 3681 Hannibalis,
599 3617 696 3670 similes
713 3618 773 3671 sint.
799 3647 833 3656 -
861 3620 909 3672 leoc
927 3620 1047 3690 templum
1063 3619 1144 3672 Ionis.
1179 3620 1305 3672 Nimirum
1323 3618 1350 3669 in
1368 3631 1399 3669 eo

241 3707 346 3756 senatus
368 3704 416 3756 rite
438 3703 581 3756 habebatur
598 3702 651 3756 Gal.
669 3702 738 3768 Ian,
759 3719 810 3773 quo
832 3721 906 3759 sacra
928 3706 1062 3759 sollemnia
1084 3704 1201 3757 iacienda
1223 3706 1333 3770 votaque
1350 3716 1398 3769 pro

240 3788 374 3858 republica
390 3789 554 3857 suscipienda
570 3792 651 3842 erant
678 3787 756 3842 Hane
767 3806 854 3844 arcem
866 3792 979 3844 omniasm
994 3791 1109 3858 gentiunt
1126 3788 1249 3856 appellat,
1266 3789 1312 3841 ubi
1325 3786 1396 3840 auni-
1468 3800 1472 3805 ’

241 3874 305 3926 lium
323 3872 529 3944 praesidiumque
546 3878 637 3944 gentes
654 3874 793 3940 inveniant,
811 3880 839 3929 ut
855 3877 882 3929 in
902 3874 957 3928 cat.
976 3875 1024 3940 IV,
1042 3875 1067 3939 6,
1086 3876 1116 3927 11
1141 3862 1235 3927 Videor
1252 3874 1324 3930 seins>
1335 3871 1400 3925 miti

241 3958 415 4012 videreturne
431 3958 532 4022 urbem,
556 3959 636 4012 locem
653 3957 723 4012 ortis
741 3967 869 4014 terrerum
890 3968 967 4029 etque
984 3977 1071 4013 urcem
1093 3959 1205 4035 omnium
1224 3960 1347 4028 gentiana.
1365 3986 1398 3996 —
1462 4021 1465 4025 ⁸

242 4043 391 4114 supertiam
408 4051 434 4098 et
450 4043 628 4096 credelitatem
649 4044 768 4112 genuisse
790 4044 895 4098 dieitur.
930 4045 968 4098 Do
991 4031 1112 4114 superbis
1130 4044 1315 4113 Campanorum
1338 4047 1400 4097 nota

241 4143 284 4181 res
302 4128 483 4197 copiosiusque
505 4142 563 4179 eam
589 4132 771 4193 commemorat
793 4133 857 4183 erat.
874 4129 911 4188 Π,
928 4128 974 4194 34,
992 4129 1033 4182 92.
1055 4157 1057 4162 ·
1077 4128 1199 4183 crudeles
1217 4133 1301 4184 autem
1319 4144 1350 4182 ea
1367 4129 1399 4183 de

243 4228 324 4266 causa
340 4213 442 4267 videtur
459 4228 560 4277 vocare,
577 4212 638 4281 quis
656 4212 810 4284 gladiatores
827 4216 895 4268 inter
906 4216 997 4284 epulas
1014 4219 1129 4284 spectare
1148 4217 1267 4271 solebant
1278 4214 1399 4281 (liulX,

243 4299 293 4365 403
312 4299 358 4367 sil,
376 4299 433 4353 ltal.
445 4299 493 4364 XI,
506 4299 563 4363 51);
580 4315 640 4352 nam
658 4301 719 4354 alibi
738 4300 875 4354 crudelitas
888 4316 939 4373 non
956 4305 1066 4357 notatur.
1084 4330 1118 4341 -
1134 4302 1250 4356 modesti
1266 4301 1320 4355 Sic
1331 4304 1400 4355 recte

242 4385 271 4437 in
289 4385 346 4438 eod.
365 4385 381 4438 9
398 4401 456 4439 esse
474 4385 597 4449 arbitror3
621 4385 713 4454 reliqui
729 4385 831 4454 quidem
848 4387 944 4441 habent
960 4388 1083 4453 modeste,
1107 4389 1176 4458 qnod
1193 4388 1320 4458 quomode
1338 4387 1400 4441 ferri

243 4472 328 4540 possit
349 4476 395 4525 aut
414 4472 521 4526 tulerint
542 4470 625 4524 adhuc
647 4471 814 4539 interpretes,
840 4489 893 4527 nen
919 4473 1002 4529 video.
1043 4474 1109 4528 Nam
1132 4475 1243 4529 modeste
1270 4474 1400 4527 continere

243 4557 409 4611 insolentium
425 4559 540 4626 ineptum
557 4559 606 4620 est,
622 4569 670 4610 uec
687 4561 793 4626 propter
809 4557 873 4610 illud
891 4558 960 4625 quod
977 4559 1104 4628 antecedit
1115 4559 1246 4612 moderate
1253 4570 1256 4578 ·
1256 4556 1340 4624 sesne,
1357 4556 1400 4613 bie
