3550 5492
699 595 932 659 -146-

237 766 327 829 lbrllo
349 770 379 827 et
401 762 485 826 llulli
509 760 666 825 similibus
690 757 853 842 conquisiti
876 763 966 841 atque
987 756 1074 822 electi
1095 757 1195 823 coloni
1209 756 1330 843 Capuae
1346 760 1372 823 in

235 864 390 930 donncilia
412 861 574 949 superbiae
596 866 688 944 atque
709 859 743 923 in
765 858 887 925 sedibus
908 858 1227 926 lunariosis'collocati
1247 868 1372 927 naasta-

236 970 292 1033 tim
316 966 521 1052 conquisituri
544 964 608 1029 sint
629 960 743 1047 aliquid
758 960 878 1025 sceleris
896 966 927 1025 et
940 961 1065 1046 flagitii:
1087 962 1181 1029 immo
1199 984 1272 1030 vero
1293 965 1372 1031 etiam

235 1072 292 1135 boc.
314 1069 414 1153 magis
437 1088 530 1153 quam
554 1066 599 1131 illi
612 1072 726 1131 acures
744 1063 941 1146 germanique
957 1064 1117 1151 Campani,
1140 1067 1221 1152 quod
1235 1068 1271 1132 in
1285 1074 1372 1134 vetere

237 1176 361 1239 fortuna
382 1172 453 1237 illos
476 1178 562 1237 natos
583 1176 613 1233 et
634 1167 771 1231 educatae
794 1166 908 1230 nimiae
929 1173 1036 1234 umen
1058 1191 1160 1237 reram
1174 1173 1315 1239 omnium
1334 1194 1371 1239 ee

236 1278 305 1362 piae
328 1274 545 1361 depravabant,
567 1267 600 1333 bi
620 1288 656 1331 or
670 1285 790 1331 summa
804 1275 939 1350 egestate
961 1271 995 1336 in
1018 1274 1147 1339 eandem
1161 1296 1266 1341 rernm
1287 1277 1369 1342 abuu

236 1380 379 1445 dentiam
399 1376 529 1445 traducti
551 1391 610 1437 non
630 1369 728 1434 solum
749 1368 844 1453 eopia,
868 1392 976 1438 vemm
998 1375 1094 1441 ctiam
1114 1377 1281 1443 insolentia
1301 1400 1369 1444 eom·

235 1488 449 1553 niorabuntur.

177 1606 226 1670 ‚us
307 1587 405 1657 ¹llam
427 1596 469 1667 tu,
492 1584 524 1648 Ρ.
547 1577 643 1658 Rulle,
666 1574 708 1638 M.
731 1574 821 1639 Bruti
843 1576 967 1642 sceleris
995 1579 1127 1664 vestigia
1156 1602 1251 1666 quam
1272 1603 1365 1648 monu-

237 1704 341 1761 menta
367 1690 513 1757 maiomm
539 1676 705 1765 sapientiae
733 1677 820 1761 sequi
842 1678 991 1745 maluisti.
1036 1682 1119 1748 Haec
1145 1688 1181 1749 tu
1210 1706 1281 1750 cum
1309 1686 1364 1751 istis

235 1802 297 1865 tuis
319 1796 488 1865 auctoribus
508 1781 692 1885 excogitasti,
715 1790 751 1848 ut
772 1789 872 1849 vetere
887 1785 1031 1872 uectigali
1046 1808 1084 1851 ex
1099 1788 1258 1875 republica
1278 1794 1364 1877 erepto
1392 1834 1395 1841 ,

320 1964 347 2003 nt
361 1962 426 2003 Rullo.
435 1951 546 1993 -sedibsr
560 1946 666 1989 lustriae.
675 1966 700 1977 -
708 1945 741 1986 98.
753 1951 777 1987 ut
788 1952 861 1988 neaera
875 1950 989 1999 uectigalia
1062 1960 1089 1991 eu
1099 1950 1216 2000 exemeris
1228 1953 1364 1995 noso...srlt

232 2124 333 2181 paresne
351 2102 470 2173 roperitm
486 2111 511 2165 p.
530 2093 605 2147 drab.
625 2092 666 2156 ll,
685 2092 717 2146 29
736 2093 761 2145 si
777 2094 868 2159 quibua
886 2096 1034 2164 repionidus
1053 2098 1124 2152 vitae
1141 2100 1257 2168 spatium
1273 2102 1365 2154 cirum-

231 2198 348 2265 anipuum
367 2198 410 2251 cst,
429 2184 516 2239 iisdem
533 2194 618 2233 manes
635 2179 803 2247 cogitatianes
817 2182 969 2235 terminaret
985 2199 1054 2236 suas.
1070 2212 1104 2222 -
1115 2184 1219 2239 sedibus
1230 2184 1364 2239 luuun'oair.

230 2282 284 2335 xum
301 2292 363 2347 epm
380 2272 479 2327 videtin
495 2280 559 2329 esse,
576 2262 760 2332 quodquidam
778 2266 932 2334 interpretes
944 2267 1112 2322 emendarunt
1130 2268 1233 2323 sedibus
1251 2270 1364 2331 luceiae,

228 2365 341 2421 uimimm
362 2358 427 2430 qrrod
445 2352 604 2408 antecederet
621 2351 752 2404 dornicilie
770 2352 913 2420 sepelire.
949 2354 1005 2407 Hae
1023 2356 1072 2408 ait:
1090 2356 1175 2409 coloni
1197 2356 1251 2421 isti,
1270 2354 1363 2409 abolla

228 2452 258 2507 ,sd
276 2448 356 2505 sanias
373 2442 446 2499 electi
463 2436 505 2507 (ef.
524 2438 605 2502 577),
629 2437 651 2489 si
670 2435 784 2505 Capuam
807 2439 833 2490 in
852 2439 1011 2492 domicilium
1035 2441 1180 2509 superbiae,
1197 2442 1215 2494 i.
1234 2458 1257 2496 e.
1274 2442 1316 2495 ubi
1330 2457 1363 2495 sa·

226 2538 310 2611 pesida
328 2531 440 2587 babitare
458 2523 523 2577 solet
540 2538 570 2575 ae
594 2536 694 2590 semper
719 2523 817 2587 extitit,
842 2525 886 2576 ubi
908 2525 966 2593 ipsa
987 2528 1102 2579 veterum
1118 2525 1308 2595 Campanorum
1321 2540 1363 2579 ms·

224 2624 302 2679 urana
314 2613 511 2682 ranumpentur,
524 2609 696 2676 pervenerint,
708 2609 783 2661 facile
802 2609 834 2661 ad
847 2611 934 2663 omnia
945 2610 1013 2663 mala
1026 2611 1170 2677 efferentur,
1182 2613 1230 2666 sed
1241 2612 1363 2668 euenum

223 2728 253 2767 Μ
271 2708 358 2777 magis,
375 2697 442 2769 quod
457 2696 516 2762 ipsa
531 2692 577 2745 illa
595 2693 695 2747 colonia
712 2694 785 2746 sedes
803 2693 950 2748 luxuriosas
967 2696 1081 2763 praebet.
1117 2696 1165 2750 Ilst
1182 2698 1265 2766 igitur
1287 2696 1362 2751 inilia

223 2796 362 2855 contutum
379 2781 468 2839 similis
485 2780 522 2856 rei
539 2780 665 2847 repetitio,
683 2781 710 2832 in
734 2780 849 2832 coffinum
874 2781 983 2835 lectione
1000 2798 1068 2835 nova
1085 2784 1229 2838 sententiae
1247 2786 1286 2841 ris
1302 2784 1361 2839 addi·

224 2894 270 2939 ms,
305 2876 356 2931 Nee
371 2867 485 2937 profecte
502 2863 680 2930 damnabimus
698 2865 766 2933 qaod
784 2869 825 2918 est
841 2867 1014 2934 conquisituri
1026 2868 1086 2931 sint,
1103 2871 1221 2937 quamuis
1240 2869 1361 2925 meunt

222 2968 322 3025 „ruinas
340 2970 397 3011 esse
414 2951 570 3019 conquisitas
589 2955 665 3020 atque
682 2953 790 3006 electos:
809 2954 886 3006 imma
900 2968 1005 3006 acumen
1023 2953 1151 3022 quoddam
1170 2971 1203 3009 ex
1220 2958 1359 3026 repetitione

222 3054 315 3113 riciebu
331 3054 452 3115 quaerere
469 3055 527 3091 curn
545 3039 684 3107 conquisiti
700 3036 760 3103 subt,
774 3041 828 3109 ipsi
844 3041 923 3093 etiarn
940 3041 1043 3108 aliquid
1054 3042 1217 3109 'conquirens

301 3132 341 3189 98.
359 3126 432 3181 Ilaec
451 3130 478 3175 tu
496 3139 552 3175 curn
571 3124 628 3175 istis
647 3125 698 3176 tuis
716 3124 864 3177 aucteritas
882 3125 1037 3194 excogitasti
1054 3142 1107 3195 seq.
1143 3127 1289 3181 Pronomae
1307 3126 1360 3180 laec

220 3226 302 3285 ,qaam
320 3212 446 3285 pertinere
468 3211 569 3276 oportet
591 3224 641 3277 quo
659 3210 730 3278 prius
748 3209 819 3273 leuce,
836 3210 863 3261 in
882 3225 932 3277 quo
951 3224 1009 3262 aum
1021 3211 1054 3264 bl.
1066 3211 1141 3264 Bruti
1159 3213 1245 3266 scelus
1263 3226 1360 3268 comme·

219 3310 333 3371 miretur,
348 3293 520 3360 intelligemus
538 3307 577 3355 ea,
595 3293 705 3360 quaeda
722 3292 821 3346 colonia
835 3292 949 3361 Capuam
968 3294 1118 3347 deducenda
1130 3299 1190 3349 acta
1201 3301 1288 3352 arants
1304 3310 1360 3365 quae

221 3392 304 3455 Rullus
321 3377 484 3446 exeogdavit,
502 3379 531 3428 ut
548 3392 641 3429 nouam
659 3378 747 3430 urbem
765 3380 908 3446 opponeret
924 3379 941 3433 i.
962 3395 985 3433 e.
1002 3394 1033 3431 eo
1051 3381 1169 3445 consilio,
1186 3396 1246 3436 eam
1262 3384 1296 3437 ob
1310 3398 1360 3437 cau-

220 3494 278 3539 fflq,
295 3473 323 3523 ut
340 3464 490 3533 opponeret.
524 3460 608 3523 Quare
630 3476 696 3530 quae
718 3462 751 3514 ad
768 3463 783 3527 ξ
802 3462 851 3515 100
875 3467 943 3527 sunt,
960 3467 1095 3517 versantur
1116 3465 1144 3518 in
1167 3468 1283 3523 consiliis
1299 3467 1361 3523 Rulli

218 3550 382 3635 explicandis,
406 3561 470 3615 qaae
494 3561 551 3598 aum
577 3550 734 3615 sequeretur,
759 3547 830 3599 illam
852 3546 955 3615 Capuae
982 3548 1129 3602 condendae
1153 3553 1281 3607 rationem
1301 3553 1359 3607 iniit

219 3642 350 3713 &quitur
367 3633 435 3685 enim
453 3630 564 3684 cratone
589 3630 622 3682 ad
639 3632 704 3683 iram
722 3631 805 3699 plebis
828 3631 1004 3697 excitandam,
1031 3648 1097 3700 quae
1114 3634 1142 3686 in
1159 3640 1223 3691 orat·
1242 3638 1269 3703 Ι,
1286 3639 1315 3703 l,
1330 3635 1359 3691 ti

218 3746 251 3801 fia
267 3724 376 3785 dixerat:
396 3718 466 3781 Quid
487 3719 554 3771 enirn
572 3718 726 3773 existimatis
745 3718 873 3787 integrans
890 3718 962 3772 nobis
984 3720 1013 3773 in
1036 3720 1170 3789 republica
1181 3722 1259 3790 scre,
1275 3730 1322 3777 aut
1335 3722 1360 3773 ia

216 3830 295 3885 „pm
307 3806 423 3863 libertate
435 3822 468 3857 uc
479 3804 606 3873 dignitate
617 3805 786 3868 retinendum,
799 3806 856 3858 cum
865 3805 959 3858 Rullus
971 3813 1047 3873 atque
1059 3807 1089 3870 ii,
1106 3823 1168 3876 quos
1186 3810 1267 3863 multa
1283 3808 1360 3878 magis

219 3920 286 3975 w
297 3892 401 3951 Rullum
415 3892 516 3956 linietis,
528 3908 585 3944 curn
594 3893 664 3944 unni
674 3892 801 3961 egentium
813 3899 890 3960 atque
898 3892 1071 3963 improborum
1081 3911 1169 3958 aranu,
1180 3912 1240 3948 cum
1251 3894 1360 3949 manibus

220 3978 299 4061 [vetis
309 3998 365 4037 cunr
374 3981 559 4050 omnicrgeuto
569 3988 646 4048 atque
656 3999 721 4035 nure
732 3981 849 4051 chuurn
855 3990 881 4035 et
891 3982 966 4036 urbes
984 3983 1056 4035 cirea
1067 3981 1183 4051 Capuam
1195 3980 1362 4052 comperisti

220 4060 281 4159 pq„
296 4072 356 4127 dum
374 4072 489 4133 exornat,
507 4070 600 4134 omnia,
618 4086 683 4138 qaae
700 4086 779 4138 supra
795 4070 823 4123 in
840 4071 898 4139 lege
920 4070 1030 4125 Seruilia
1050 4070 1201 4141 singillatim
1223 4067 1360 4123 refellenda

220 4158 359 4241 winerat,
377 4153 487 4207 breviter
504 4157 606 4223 repetit,
625 4171 675 4209 non
693 4157 782 4209 eodem
800 4158 904 4223 ordine,
928 4159 973 4211 sed
991 4159 1044 4212 fere
1061 4158 1178 4221 inversa,
1201 4160 1231 4209 ut
1248 4171 1314 4225 quae
1330 4168 1361 4207 ex

222 4246 335 4325 ,metato
352 4240 464 4292 xvirum
483 4243 711 4310 consequebantur,
729 4248 843 4298 extremo
861 4244 919 4298 loeo
936 4247 1055 4313 poneret,
1073 4244 1106 4297 ab
1123 4244 1171 4307 iis,
1188 4258 1255 4311 quae
1275 4241 1361 4310 Capua

226 4330 311 4413 Qua
327 4325 497 4392 efficerentur,
514 4329 652 4397 inciperet,
674 4331 772 4398 reliqua
788 4333 816 4384 iu
827 4331 918 4385 media
937 4332 1082 4386 collocaret.
1118 4330 1280 4398 Quamquam
1295 4328 1361 4382 hauc

228 4430 331 4500 ³,parram
356 4413 432 4480 lange
459 4414 561 4483 planius
589 4432 619 4469 ac
644 4417 746 4472 facilius
767 4419 982 4488 intelligeremus,
1007 4418 1058 4471 nisi
1087 4416 1148 4469 libri
1172 4431 1221 4469 ma
1234 4416 1269 4470 ab
1293 4415 1361 4485 prin·

230 4524 273 4585 ,μ
293 4501 365 4555 baius
382 4498 433 4550 loci
450 4500 587 4553 admodum
605 4506 691 4556 essent
705 4504 799 4558 citimi.
833 4505 901 4559 Illud
919 4505 1021 4573 quidem
1037 4502 1094 4557 leve
1110 4505 1164 4565 est,
1186 4501 1256 4569 quod
1273 4514 1360 4555 amnes

228 4596 302 4673 ’μή
319 4603 374 4641 curn
393 4587 451 4639 istis
470 4588 520 4639 tuis
538 4588 675 4653 oceanus,
693 4591 737 4643 ubi
754 4591 805 4644 iam
814 4591 981 4646 Lauredanus
999 4590 1147 4644 emendarat
1164 4604 1221 4641 eum
1232 4588 1292 4641 istis
1310 4586 1360 4640 tuis

227 4674 353 4755 mbos
371 4676 559 4742 parnemntque
577 4674 631 4726 iure
648 4678 816 4731 recentissimi
833 4680 952 4735 editores.
991 4677 1071 4731 Actor
1087 4675 1155 4729 euim
1178 4674 1359 4742 qualiacunque
