3550 5492
816 573 1032 637 ..74-

344 759 479 822 gamum,
503 738 676 821 Smyrnam,
701 737 828 817 Tralles,
851 737 1017 821 Ephesum,
1041 737 1198 818 llilctum,
1222 735 1395 820 Cyzicum,
1418 742 1501 803 totam

345 841 477 925 denique
499 841 617 922 Asiam,
640 860 718 925 quae
740 846 809 925 post
824 840 855 904 li.
871 839 992 903 Sullam
1007 840 1042 916 Q.
1057 839 1239 924 Pompeium
1253 840 1405 907 eonsules
1427 860 1502 906 recu·

301 951 450 1030 soporata
471 950 526 1025 est,
548 945 654 1030 populi
674 943 804 1008 ltomani
827 946 940 1009 iactam
962 967 1028 1010 csse
1050 945 1170 1009 dicere?
1208 946 1329 1011 Utrum
1351 946 1504 1012 oratiord

344 1047 410 1111 eius
431 1047 476 1110 rei
503 1046 743 1132 disputationem
764 1047 862 1111 decrit
888 1068 930 1111 an
958 1068 1020 1112 non
1042 1049 1126 1113 idem
1146 1055 1178 1114 ct
1205 1047 1341 1114 disseret
1372 1054 1409 1114 et
1434 1049 1504 1114 iudi·

344 1149 446 1215 rabit?
482 1149 603 1235 lmpelli
625 1170 688 1214 non
702 1150 824 1234 peterit,
848 1156 883 1216 ut
905 1153 1019 1217 falsum
1035 1153 1159 1236 iudicet,
1183 1175 1234 1236 an,
1258 1153 1286 1218 si
1303 1152 1504 1219 condemnare

344 1255 453 1320 Asiam
480 1255 575 1337 volet,
604 1262 750 1321 terrorem
772 1256 980 1322 damnationis
1009 1262 1041 1321 et
1067 1257 1168 1321 minas
1194 1278 1258 1322 non
1285 1257 1410 1342 quanti
1436 1256 1504 1323 velet

345 1358 553 1424 existimabit?
608 1358 689 1436 Quid
717 1359 814 1442 (quod
841 1360 993 1448 disputari
1028 1366 1135 1427 eontra
1162 1361 1247 1427 nulle
1274 1368 1372 1447 paeto
1404 1366 1504 1448 potest,

418 1527 547 1573 recuperate
560 1526 594 1564 sit.
608 1544 633 1551 —
646 1524 679 1563 40.
692 1524 767 1572 deerit,
781 1534 817 1572 en,
831 1537 876 1565 corn
891 1528 952 1565 telem
965 1547 991 1559 -
1004 1526 1114 1574 iudicabit,
1127 1527 1210 1576 impelli
1222 1536 1264 1566 uon
1277 1526 1370 1576 pomae.
1381 1545 1410 1558 ·-
1424 1524 1504 1569 “dieti

346 1604 375 1634 aa
389 1595 415 1633 st.
428 1613 453 1623 -
465 1592 540 1632 Artem
552 1594 615 1639 uolet
629 1596 741 1632 terrerem.
754 1613 779 1622 -
793 1594 853 1642 votet,
867 1595 1005 1635 aestimabit!
1032 1595 1095 1643 Quid.

346 1742 407 1795 bum
425 1740 456 1792 de
474 1740 634 1809 magistratu,
652 1740 695 1808 qui
713 1754 759 1807 pro
777 1743 906 1808 potestate
924 1741 974 1794 sibi
992 1741 1118 1810 permissa
1138 1741 1261 1806 decernit,
1278 1744 1452 1810 usurpatum,
1467 1756 1505 1797 nee

346 1827 451 1880 dubium
470 1829 519 1890 est,
537 1825 598 1893 quin
618 1824 707 1878 eodem
726 1826 917 1879 substantivum
936 1828 1055 1892 dicionis,
1072 1827 1140 1897 quod
1157 1828 1233 1896 paulo
1257 1830 1319 1881 ante
1338 1829 1504 1884 eamindicio

346 1917 373 1967 et
390 1916 518 1982 potestate
536 1912 677 1976 coniunxit,
695 1914 829 1980 pertineat.
842 1941 875 1950 —
890 1912 1053 1966 Corrrrnodom
1071 1915 1123 1967 erit
1137 1916 1190 1965 —t
1213 1913 1284 1967 Haec
1300 1916 1442 1969 sententia
1457 1930 1504 1969 cun

346 2000 387 2063 iis,
405 2015 469 2067 quae
487 2000 662 2068 insequuntur,
679 1999 782 2067 proprie
799 1999 974 2053 condicionem
992 1999 1071 2053 elficit
1088 2000 1248 2069 simplexque
1260 2000 1327 2054 haee
1345 2000 1504 2055 stateralis:

347 2086 376 2138 Si
393 2085 463 2138 volet
480 2085 633 2153 Pergamum
657 2088 787 2153 totamque
805 2086 893 2138 Asiam
915 2087 1012 2155 populo
1029 2088 1145 2140 Romano
1164 2086 1321 2150 adiudicare,
1339 2087 1382 2140 rel
1401 2088 1504 2157 protus

346 2170 373 2223 id
390 2170 511 2222 iudicium
529 2172 671 2224 rationibus
689 2173 800 2240 poterit,
823 2173 864 2224 vel
886 2177 956 2226 certe
978 2190 1007 2227 eo
1031 2177 1115 2226 utetur
1133 2173 1166 2226 ad
1186 2173 1325 2241 pecuniam
1347 2173 1505 2244 exigendam

347 2256 400 2309 Sed
422 2256 541 2310 dissolvit
564 2257 631 2310 hanc
654 2258 807 2311 sententiam
829 2274 876 2326 per
897 2260 1126 2328 interrogationes,
1151 2258 1244 2327 quibus
1270 2273 1331 2311 eum
1355 2258 1385 2311 in
1405 2259 1506 2329 apodeti

346 2357 408 2394 usrrs
426 2342 468 2406 sit,
486 2358 518 2395 ne
537 2343 654 2410 protasio
672 2342 773 2410 quidem
796 2342 872 2395 aliter
894 2344 1087 2397 constituemus.
1122 2343 1245 2396 Nominat
1262 2346 1351 2396 autam
1369 2344 1506 2413 opulentis

347 2427 413 2479 sima
431 2426 509 2478 Asiae
527 2425 631 2494 oppida,
649 2441 714 2495 quae
732 2427 759 2477 in
777 2426 844 2479 belle
863 2427 1037 2480 Mithridatico
1060 2429 1092 2480 ab
1110 2427 1228 2481 hostibus
1244 2430 1336 2495 capta,
1360 2431 1422 2482 tum
1439 2430 1506 2484 vela

347 2512 420 2565 Sulla
437 2511 478 2563 vel
497 2528 512 2563 a
529 2511 575 2564 Gn.
593 2511 715 2581 Pompeio
739 2516 843 2580 recepta
866 2514 920 2566 sire
943 2522 1098 2583 recimerem
1125 2517 1213 2578 erant,
1239 2529 1288 2568 nee
1310 2513 1426 2569 dubium
1450 2520 1506 2581 erat,

348 2600 410 2667 quin
429 2614 460 2651 ea
478 2599 564 2653 omnia
581 2614 614 2651 ex
631 2600 768 2653 scromtate
785 2600 849 2653 iuris
867 2601 977 2654 Romani
995 2600 1100 2669 publiea
1117 2599 1209 2668 pepuli
1224 2599 1294 2652 facta
1310 2616 1374 2655 esse
1388 2603 1506 2659 deberent

346 2683 436 2737 videri.
477 2684 632 2753 Scripsimus
655 2688 740 2739 autem
770 2692 927 2755 recimerem
949 2692 988 2738 est
1010 2684 1127 2738 codicum
1149 2685 1249 2737 ratione
1271 2684 1350 2748 moti,
1372 2690 1405 2739 ut
1428 2690 1507 2741 narret

347 2772 462 2835 tantum;
480 2786 539 2822 nam
558 2771 584 2824 in
603 2771 767 2825 coniunctim
786 2778 942 2840 recuperato
965 2771 999 2823 sit
1016 2771 1091 2823 etiam
1114 2785 1205 2835 causa,
1223 2784 1269 2822 eur
1289 2770 1399 2838 publica
1422 2773 1506 2844 populi

348 2855 457 2909 Romani
474 2857 610 2923 iudicetur,
629 2858 739 2911 additur.

432 2944 474 2997 40.
497 2941 589 2997 Utrum
606 2945 691 2997 oratio
710 2973 743 2982 -
767 2943 933 2997 existimabit.
973 2945 1065 2998 Adhuc
1082 2944 1146 2998 haee
1166 2944 1205 2996 sic
1227 2942 1386 2998 edebanturz
1420 2945 1505 3001 oeus

347 3029 432 3082 oratio
450 3030 487 3082 od
503 3031 558 3083 eius
575 3031 616 3084 rei
627 3032 827 3100 disputationem
845 3031 947 3084 deerit?
962 3049 998 3084 aa
1010 3048 1067 3084 cum
1083 3031 1152 3084 idere
1163 3037 1189 3084 et
1199 3030 1308 3084 disseret
1327 3038 1356 3084 et
1372 3031 1505 3097 iudicabit,

347 3115 446 3184 impelli
457 3133 508 3167 aon
515 3117 623 3185 poterit,
635 3123 665 3168 ot
675 3115 777 3185 falsum
789 3117 905 3170 iudicet?
921 3133 955 3168 an
965 3118 1015 3169 cet.
1042 3115 1146 3184 Triplex
1163 3115 1243 3182 igitur
1254 3118 1311 3169 erat
1327 3115 1505 3187 interrogatio,

347 3200 392 3253 sed
409 3201 436 3254 in
454 3215 566 3268 eaquae
584 3200 663 3253 altere
681 3202 739 3256 loeo
752 3200 919 3264 efficiebatur,
932 3199 1029 3251 latebat
1045 3199 1186 3252 sententiae
1212 3199 1302 3252 sitium
1315 3200 1505 3268 gravissimum.

348 3287 415 3351 Quid
432 3287 500 3339 enim
518 3288 558 3339 est
575 3287 637 3338 hoe:
661 3304 718 3340 com
736 3287 803 3340 idem
822 3294 848 3340 et
864 3287 973 3339 disseret
990 3293 1015 3338 et
1037 3283 1174 3348 iudicabit,
1197 3285 1297 3354 irupelli
1307 3283 1396 3352 facite
1408 3286 1506 3356 peterit

347 3372 483 3439 (namhoc
500 3372 547 3424 sub
565 3373 773 3440 interrogationis
790 3373 875 3441 specie
892 3371 1008 3434 latebat
1018 3369 1119 3437 falsam
1136 3368 1252 3422 iudicet?
1276 3368 1436 3425 Coniunctie
1454 3386 1506 3425 eun

348 3460 370 3512 si
388 3475 439 3511 non
458 3474 569 3523 eausam,
588 3464 615 3513 at
632 3461 793 3514 occasionem
805 3459 898 3512 falsum
909 3456 1040 3510 iudicandi
1051 3454 1165 3508 indicare
1177 3454 1265 3507 debet:
1285 3457 1313 3506 at
1325 3470 1394 3522 quae
1406 3457 1505 3511 occasio

348 3546 389 3598 vel
407 3560 472 3614 quae
491 3545 609 3598 inritatio
628 3545 661 3598 ad
677 3546 771 3598 falsum
788 3543 954 3598 iudicandum
973 3546 1022 3607 est,
1040 3543 1062 3594 si
1080 3541 1148 3594 idem
1166 3544 1193 3594 et
1210 3541 1322 3595 disseras
1339 3544 1369 3594 et
1391 3542 1505 3597 iudices?

347 3632 425 3685 Nulla
442 3632 546 3701 opinor3
565 3648 624 3684 nam
642 3632 683 3685 cui
701 3631 831 3685 iudicandi
848 3632 964 3700 potestas
984 3630 1045 3683 data
1062 3633 1114 3692 est,
1133 3629 1155 3680 is
1172 3627 1278 3690 iudicat,
1295 3630 1355 3679 utut
1372 3628 1440 3683 vult.
1465 3626 1505 3693 at,

347 3720 369 3772 si
388 3720 455 3772 idem
473 3723 500 3772 et
517 3719 628 3772 disseras
646 3720 672 3770 et
690 3718 801 3781 iudices,
824 3732 919 3785 magna
939 3715 1052 3768 facilitas
1075 3712 1164 3766 existit
1187 3711 1219 3763 ad
1241 3711 1422 3767 disserendum
1440 3713 1506 3783 quie

347 3808 408 3876 quid
425 3807 566 3875 placuerit,
584 3808 705 3875 quoniam
724 3807 809 3860 omnia
831 3820 896 3874 quae
920 3801 1087 3863 disserueris,
1109 3798 1204 3851 iudicio
1225 3797 1323 3865 poteris
1346 3798 1505 3853 confirmare.

349 3892 431 3959 Atque
454 3892 520 3943 hanc
543 3892 696 3944 sententiam
725 3891 827 3944 sublato
855 3889 925 3942 omni
948 3888 1010 3940 vitio
1038 3886 1153 3938 restituit
1174 3883 1307 3953 praeclara
1329 3884 1387 3939 cod.
1410 3882 1506 3954 Lagt

346 3978 433 4041 lectio,
452 3993 501 4044 qua
519 3979 613 4030 eximia
631 3978 754 4031 orationis
773 3976 902 4044 elegantia
927 3991 957 4027 ac
975 3972 1133 4026 concinnitas
1151 3972 1177 4023 in
1201 3971 1274 4023 binas
1291 3969 1506 4040 interrogationes

347 4064 483 4132 dupliciter
500 4062 583 4115 divisa
600 4063 725 4116 sententia
743 4062 860 4116 officitur.
896 4059 950 4110 lam
976 4058 1003 4109 in
1027 4056 1112 4124 priore
1135 4053 1336 4122 interrogatione
1359 4052 1412 4107 hec
1427 4054 1506 4109 inest:

351 4149 433 4204 Verbo
451 4151 476 4205 ei
493 4166 544 4201 eoa
562 4149 682 4214 deerunt·
699 4167 760 4201 norit
778 4150 944 4218 quaele-amque
968 4142 1079 4204 eliserit,
1097 4141 1127 4192 id
1143 4140 1240 4193 iusticie
1258 4139 1313 4207 ipse
1338 4139 1506 4206 constristabit,

345 4238 373 4289 in
391 4237 472 4290 altera
484 4236 545 4289 hoe:
558 4234 643 4301 focile
655 4234 807 4304 irnpelletor,
826 4241 856 4285 ot
865 4233 967 4301 selsam
986 4229 1089 4292 iudicet,
1106 4246 1168 4281 aero
1181 4226 1297 4296 pretium
1314 4225 1412 4279 iudicii
1427 4243 1507 4295 quaa·

348 4330 401 4374 tom
412 4322 487 4383 volet,
505 4325 607 4373 statuet.
633 4319 721 4388 anue
739 4320 770 4372 de
787 4334 865 4372 causa
882 4318 909 4369 in
923 4317 1003 4369 altera
1014 4315 1214 4390 interrogatione
1228 4311 1313 4375 lectio,
1325 4327 1404 4381 quam
1416 4312 1507 4381 optimi

348 4407 450 4461 codices
468 4406 599 4475 praebent,
622 4407 794 4460 constituitur.
829 4404 896 4457 Nam
913 4406 1023 4472 primum
1047 4388 1205 4458 existimabit
1225 4404 1310 4456 verius
1333 4418 1392 4456 esse
1412 4404 1507 4458 iudiea-

347 4506 405 4545 mus
424 4506 500 4560 quam
518 4489 671 4563 oestiomtit.
706 4491 773 4543 lllud
791 4489 823 4541 ad
847 4505 952 4542 sensum
975 4492 1058 4559 magis
1076 4491 1186 4545 Xrirum
1208 4488 1369 4543 referendum
1386 4494 1441 4553 eet,
1465 4487 1507 4557 qui

348 4579 417 4647 qued
434 4576 503 4646 apud
526 4592 554 4630 se
578 4559 694 4630 statuant
716 4576 881 4645 quantumvis
898 4576 1009 4644 pretium
1033 4578 1107 4646 posci
1129 4590 1222 4644 posse,
1242 4576 1269 4629 io
1292 4574 1432 4629 iudicando
1456 4590 1507 4629 mu-

347 4666 466 4727 rsantur,
483 4662 532 4716 hec
551 4661 584 4715 ad
602 4677 669 4725 eam,
687 4674 753 4729 qnae
770 4660 838 4728 apud
856 4659 920 4713 alies
937 4661 1054 4716 homines
1071 4661 1109 4726 fit,
1126 4661 1204 4730 pretii
1220 4660 1431 4730 postulationem.
1454 4660 1506 4715 uos
