3550 5492
792 562 1075 649 -1oo-'

264 768 267 774 ·
330 748 412 830 tulit,
435 753 471 813 ut
491 745 605 827 omnia,
628 764 827 829 quaecunque
849 743 903 808 ille
925 745 1056 827 fecisset,
1079 751 1182 811 essent
1202 750 1279 811 rate.
1313 743 1479 809 Nemeum

329 851 437 918 ceteris
458 851 493 915 in
514 849 700 931 civitatibus,
720 848 860 931 tyrannis
882 847 1047 929 institutis,
1069 848 1152 932 leges
1175 856 1281 914 omnes
1303 846 1481 930 extinguan-

329 960 382 1021 tur
402 960 495 1039 etque
516 952 674 1034 tollantur,
696 951 747 1015 hic
761 944 947 1037 reipublicae
962 953 1130 1035 tyrannum
1145 949 1211 1032 lege
1226 948 1399 1015 constituit.
1432 949 1482 1014 list

330 1056 483 1122 invidiosa
503 1055 563 1136 lex,
585 1053 678 1118 sicuti
699 1052 779 1117 dixi:
801 1049 1006 1119 veruntamen
1027 1052 1120 1118 habet
1141 1052 1382 1119 excusationem.
1398 1082 1402 1089 ·
1419 1051 1481 1144 Non
1505 1046 1507 1051 ’

305 1160 415 1224 tenim
436 1158 559 1223 videtur
580 1156 715 1222 hominis
737 1156 787 1220 lca
809 1177 885 1238 esse,
907 1155 962 1221 scd
982 1156 1139 1242 temporis.
1181 1155 1271 1238 Quid,
1295 1156 1323 1221 si
1346 1159 1395 1221 est
1414 1153 1481 1219 baec

331 1263 428 1329 multo
449 1259 679 1347 impudentior?
719 1260 801 1325 Nem
820 1259 944 1324 Valeria
965 1260 1032 1343 lege
1054 1259 1264 1344 Corneliisque
1286 1257 1408 1341 legibus
1429 1256 1481 1321 eri·

331 1366 425 1451 pitur,
448 1386 519 1431 cunr
542 1363 642 1445 datur,
666 1363 864 1447 coniungitur
886 1363 1050 1449 impudens
1072 1364 1254 1447 gratificatio
1268 1383 1368 1427 ¹cum·
1382 1360 1482 1426 acerba

255 1484 262 1501 '
331 1469 464 1537 iniuria:
488 1468 542 1534 sed
564 1474 668 1532 tamen
686 1466 778 1532 habet
792 1467 856 1532 illis
870 1467 989 1550 legibus
1003 1488 1090 1553 spem
1104 1466 1297 1547 nonnullam,
1319 1464 1373 1529 cui
1387 1463 1481 1528 adem·

330 1578 420 1657 ptum
442 1577 499 1653 est7
522 1571 657 1657 aliquem
679 1571 875 1657 scrupulum,
903 1570 953 1636 cui
976 1571 1084 1636 datum
1106 1577 1162 1635 est.
1206 1568 1292 1634 Rulli
1319 1567 1422 1632 cautio
1443 1571 1481 1630 est

419 1759 439 1801 6,
451 1763 544 1812 m'ps'iur
557 1763 592 1802 cai
604 1763 678 1803 datm.

334 1919 484 1985 creatusque
502 1919 543 1970 est
559 1915 588 1969 L.
607 1915 726 1968 Valerius
737 1913 854 1966 Flaccus.
888 1913 914 1967 Is
931 1912 1016 1981 legem
1032 1912 1100 1977 tulit,
1117 1914 1147 1964 ut
1162 1912 1189 1964 in
1206 1911 1335 1965 incertum
1353 1908 1482 1980 tempusb

333 1999 405 2052 Sulla
423 1999 533 2053 dictator
550 2000 693 2063 diceretur,
710 1998 771 2050 dum
788 1996 974 2066 rempublicam
991 1997 1179 2052 constituissetr
1201 1998 1243 2050 cui
1266 1997 1388 2050 dictatori
1404 1995 1482 2065 singil-
1522 1988 1526 1995 ’

332 2085 405 2137 latim
422 2086 619 2154 permittebatur
636 2100 735 2138 summa
752 2087 867 2153 potestas
885 2084 1030 2148 occidendi,
1052 2084 1214 2153 publicandi,
1238 2084 1398 2139 coloniarum
1415 2083 1482 2137 dedu·

333 2168 479 2233 cendarirm,
497 2168 648 2237 oppidorum
666 2172 693 2221 et
704 2167 894 2222 condendorum
911 2170 938 2220 et
950 2168 1125 2235 delendorum,
1143 2185 1280 2239 regnorum
1298 2169 1491 2224 adimendorun'

334 2257 361 2306 et
378 2253 528 2316 dandorum,
540 2253 779 2323 deniquequicquid
797 2253 958 2322 erepublica
974 2269 1032 2307 esse
1050 2258 1165 2308 censeret
1181 2254 1300 2308 faciendi.
1323 2253 1483 2324 Sequebatur,

333 2342 362 2391 ut
379 2338 499 2407 quicquid
517 2338 590 2392 Sulla
607 2337 743 2402 edixisset,
759 2337 787 2391 id
805 2339 911 2406 exlege
928 2338 1033 2394 Valeria
1050 2339 1161 2405 valeret,
1182 2340 1206 2394 si
1228 2338 1289 2410 quid
1306 2337 1483 2407 praetereant

333 2423 457 2492 populum
474 2424 565 2489 terret,
586 2424 614 2477 id
635 2440 668 2477 ex
691 2425 748 2492 lege
766 2423 884 2478 Cornelia
908 2429 991 2479 ratum
1012 2430 1093 2490 esset,
1117 2442 1147 2480 ac
1164 2426 1266 2480 ridetur
1288 2426 1363 2481 Sulla
1386 2426 1418 2480 de
1435 2441 1483 2495 gra·

333 2509 448 2562 rioribus
465 2509 542 2573 rebus
556 2508 680 2577 populum
697 2509 865 2563 consuluisse.
897 2509 981 2574 Quare
999 2525 1056 2564 cunr
1074 2514 1180 2581 utraque
1193 2512 1293 2565 ratione
1311 2511 1386 2566 Sulla
1403 2504 1490 2581 poter?

333 2595 448 2648 tissimus
466 2599 547 2660 esset,
564 2594 655 2660 fiebat,
672 2598 702 2648 ut
719 2594 823 2648 Valeria
840 2594 1024 2665 Corneliaeque
1040 2598 1111 2668 leges
1128 2598 1443 2668 parum-discernerentur
1460 2613 1482 2651 rc

336 2678 389 2731 fere
407 2680 563 2733 coniunctim
580 2683 845 2734 commemorarentur.
876 2680 942 2735 Vide
959 2683 1069 2752 quaein
1087 2687 1221 2739 comment.
1239 2685 1395 2754 epigrapbl
1406 2683 1483 2754 pact

336 2766 508 2834 exposuimus.
544 2765 614 2830 Quae
633 2769 717 2819 autem
734 2770 876 2836 sequnntur
891 2776 922 2822 at
936 2770 1026 2824 omnic
1038 2789 1076 2809 ·-
1093 2780 1177 2826 essent
1192 2779 1254 2826 rata
1271 2786 1334 2827 care
1352 2773 1412 2842 ipsa
1426 2772 1483 2842 legia

337 2851 416 2903 rerba
432 2865 490 2904 esse
508 2850 647 2916 existimes,
665 2850 711 2904 sed
728 2851 921 2919 comprehendit
938 2853 1026 2910 Cicero
1041 2858 1134 2926 paucis
1152 2858 1238 2920 verbis
1256 2861 1412 2914 senteutiam
1427 2857 1484 2927 legis

227 2975 229 2979 ψ
261 2990 263 2993 ,
335 2936 462 2999 Valeriae.

350 3035 354 3044 ·
422 3024 447 3077 6.
465 3023 577 3092 eripitur
594 3039 652 3076 caro
668 3023 754 3077 datar.
782 3022 863 3078 Totus
879 3024 922 3079 hic
935 3025 1009 3080 locus
1027 3027 1144 3082 vitiosior
1160 3032 1202 3083 est
1218 3029 1246 3083 in
1262 3029 1397 3085 codicibus
1413 3028 1485 3084 omni·

336 3108 394 3174 bus,
420 3113 511 3162 contra
527 3124 635 3177 quorum
652 3124 803 3164 consensum
828 3109 938 3164 Aldinus
956 3110 1038 3165 editor
1055 3113 1159 3181 scripsit
1175 3130 1233 3167 cam
1249 3113 1329 3168 datar
1347 3117 1419 3180 (nam
1436 3111 1485 3168 coil

336 3199 433 3251 habent
449 3198 494 3251 cai
509 3198 606 3262 dator),
618 3198 761 3266 Herragius
778 3197 855 3250 labet
870 3198 940 3261 (nam
957 3197 996 3250 illi
1012 3197 1079 3250 male
1097 3200 1206 3269 repetita
1224 3201 1401 3256 antecedentis
1418 3215 1487 3256 roca·

337 3283 391 3335 buli
408 3287 522 3353 armenia
539 3282 640 3350 syllaba
661 3283 785 3351 praebent
806 3282 927 3346 inhibet),
944 3283 1074 3337 Puteanus
1098 3285 1244 3356 ademptum
1266 3290 1293 3340 et
1310 3287 1414 3354 ἅαῑιιιιι,
1435 3301 1486 3342 cun

336 3367 390 3420 illic
406 3369 442 3420 sit
458 3367 592 3436 ademptas
609 3371 635 3420 et
653 3366 738 3420 datus.
772 3366 827 3420 Nec
844 3370 930 3421 tamen
948 3367 980 3421 de
997 3371 1150 3425 necessitate
1168 3371 1275 3427 ducrum
1292 3374 1409 3442 priorum
1426 3369 1487 3427 icco

337 3469 393 3506 rum
415 3452 630 3506 emendandcrum
651 3453 704 3506 fere
722 3453 833 3506 editores
854 3453 1016 3521 dubitarunt,
1034 3459 1110 3511 tertio
1130 3460 1204 3513 multi
1223 3460 1394 3515 masculinum
1418 3460 1489 3515 reliu-

337 3538 462 3607 quebant‚
488 3538 549 3606 quia
570 3553 672 3604 agrum,
696 3541 724 3590 ut
747 3538 852 3606 opinor,
873 3538 1063 3610 intelligebant.
1098 3544 1179 3609 Quem
1200 3545 1230 3599 ut
1251 3548 1322 3599 recte
1344 3543 1487 3599 existiment

324 3621 415 3694 'posse
431 3623 548 3692 intelligi,
566 3639 720 3693 magnopere
738 3639 836 3677 vereor.
866 3624 932 3678 Nam
950 3643 997 3681 nec
1015 3633 1089 3683 antea
1105 3619 1184 3685 ullam
1201 3632 1263 3686 iecit
1280 3633 1337 3701 agri
1354 3636 1401 3687 aut
1418 3647 1487 3702 aare

337 3728 393 3765 rum
410 3713 579 3776 mentionem,
603 3715 648 3765 eut
665 3715 757 3780 postea
774 3710 836 3765 iacit
857 3713 884 3765 in
901 3713 934 3766 iis
952 3715 1068 3783 quidem,
1090 3731 1155 3785 quae
1177 3718 1292 3786 proxime
1314 3718 1486 3788 insequuntur.

337 3801 443 3854 Duabus
462 3804 547 3854 autern
560 3801 592 3853 ‘in
609 3801 686 3854 rebus
703 3801 787 3869 legem
805 3798 1041 3856 Semuiimcicero
1060 3800 1096 3853 ait
1111 3802 1324 3870 impudentiorem
1341 3817 1488 3875 essequam

338 3887 477 3940 Cornelias.
516 3885 630 3951 Primum
651 3887 719 3939 enirn
741 3887 789 3939 hae
814 3900 877 3954 quos
901 3885 1050 3944 dividebant
1073 3901 1149 3955 agros
1170 3887 1301 3954 publicos,
1328 3896 1382 3943 non
1405 3903 1488 3944 omnes

212 4052 215 4063 Ι
246 4041 247 4045 ¹
338 3974 474 4026 sumebant
492 3987 525 4024 ex
543 3973 640 4025 aerario
658 3974 703 4024 aut
720 3972 822 4025 omnino
839 3986 872 4024 ex
890 3971 931 4035 iis,
948 3971 992 4038 qui
1008 3970 1106 4039 publici
1121 3971 1212 4039 populi
1220 3972 1330 4025 Romani
1346 3977 1431 4037 erant,
1448 3971 1489 4027 scd

338 4057 507 4114 conficiebant
524 4071 556 4108 ex
573 4057 774 4124 proscriptorum
791 4056 874 4120 bonis,
892 4055 1001 4108 Servilia
1017 4055 1068 4120 lex,
1085 4070 1144 4109 cum
1155 4071 1242 4110 omnes
1255 4057 1446 4127 assignationes
1462 4072 1488 4112 ac

338 4143 516 4212 possessiones
538 4141 712 4206 confirmaret,
734 4141 854 4211 quicquid
875 4139 1046 4207 largiebatur,
1068 4155 1101 4193 ex
1121 4141 1225 4209 publico
1248 4141 1387 4209 eripiebatz
1415 4156 1488 4213 quare

338 4228 439 4280 illarum
456 4227 542 4295 legum
559 4227 587 4278 in
604 4227 736 4294 republica
753 4223 899 4293 diripienda
915 4224 991 4293 longe
1008 4225 1091 4279 minor
1108 4229 1163 4279 erat
1179 4225 1339 4294 impudentia
1351 4245 1430 4297 quam
1446 4230 1488 4283 bu·

337 4313 386 4365 ius.
420 4311 519 4364 Deinde
531 4310 662 4364 corneliae
678 4312 758 4380 leges,
776 4327 833 4365 cum
850 4310 988 4379 plurimum
1005 4310 1061 4378 agri
1078 4309 1174 4378 publici
1190 4310 1361 4378 reliquissent,
1377 4314 1420 4379 iis,
1437 4315 1487 4384 qui·

338 4398 386 4451 bus
404 4410 452 4448 sua
470 4398 558 4464 erepta
578 4399 659 4460 erant,
676 4405 748 4465 spem
765 4396 956 4464 relinquebant?
968 4395 1036 4461 fore,
1053 4399 1082 4449 ut
1099 4395 1236 4463 aliquando
1253 4412 1287 4450 ex
1303 4397 1366 4463 hcc,
1384 4401 1429 4469 qui
1445 4416 1488 4470 pu·

337 4481 420 4536 blicus
438 4483 501 4545 erat,
519 4495 590 4548 agro,
608 4496 673 4549 quae
691 4482 849 4547 amisissent,
868 4481 1023 4549 reciperent:
1042 4483 1069 4533 ot
1086 4479 1195 4533 Servilia
1216 4480 1259 4533 lex
1281 4496 1338 4533 cum
1357 4498 1447 4538 omnes
1464 4486 1488 4538 in

308 4596 311 4601 -
337 4564 413 4620 Italia
430 4580 505 4633 agros
521 4566 638 4634 publicos
655 4566 789 4632 venderet,
810 4567 855 4632 iis,
871 4565 965 4634 quibus
982 4581 1030 4620 sua
1047 4565 1186 4635 eripiebat,
1209 4567 1280 4620 velut
1295 4570 1487 4637 possessoribus

288 4706 296 4719 ‚
338 4651 489 4723 Cempanis,
503 4651 536 4722 de
552 4654 645 4725 quibus
662 4653 693 4711 cf.
711 4656 775 4710 orat.
792 4653 825 4720 ll,
842 4648 945 4719 widi,
956 4650 1024 4709 ¹nibil
1041 4650 1098 4721 spei
1114 4648 1282 4720 relinquebat
1306 4651 1363 4715 blec
1373 4643 1408 4711 li.
1418 4657 1487 4713 Sulis
