3550 5492
772 542 987 608 ..72-

301 714 427 773 senatus
450 707 668 789 consultorum,
692 695 872 792 quaefacta
893 728 1054 792 nunquam
1077 712 1166 789 sunt,
1189 728 1265 773 curn
1288 730 1330 773 ex
1352 731 1390 775 eo
1408 731 1455 777 nu·

300 833 400 892 mero,
429 811 484 895 qui
510 832 564 895 per
590 830 640 876 eos
662 832 759 876 annos
782 812 923 877 consules
950 812 1091 893 suerunt,
1119 811 1213 876 multi
1241 812 1367 877 mortui
1395 812 1455 897 sint,

300 935 414 997 magna
435 920 567 998 potestas
589 915 788 999 permittitur.
832 915 901 979 Nisi
923 916 999 979 forte
1020 915 1100 979 nihil
1122 922 1169 981 est
1190 936 1332 1000 aequum
1355 917 1457 983 vosde

302 1037 408 1082 eorum
442 1016 570 1080 audacia
603 1016 768 1102 suspicari,
802 1038 932 1101 quorum
960 1018 1121 1104 cupiditati
1149 1019 1290 1085 nimium
1317 1025 1457 1105 angustus

302 1118 384 1183 orbis
405 1124 556 1183 terrarum
579 1139 645 1183 esse
668 1120 818 1185 videatur.

190 1227 250 1294 XV,
260 1227 294 1283 38
387 1224 515 1288 Habetis
537 1245 635 1288 unum
657 1225 843 1291 venditionis
865 1248 972 1309 genus,
995 1227 1076 1310 quod
1091 1246 1240 1309 magnum
1255 1228 1364 1295 videri
1384 1230 1458 1297 vobis

304 1327 456 1411 intelligo:
478 1328 532 1393 sed
554 1329 703 1393 attendite
726 1328 844 1393 animos
867 1329 907 1392 ad
929 1351 974 1411 ea,
997 1350 1075 1413 quae
1103 1336 1357 1414 consequuntur:
1387 1330 1457 1399 bunc

303 1432 392 1516 quasi
415 1433 544 1516 gradum
567 1432 721 1516 quendam
744 1433 843 1516 'atque
872 1432 992 1497 aditum
1014 1432 1052 1521 ad
1074 1437 1173 1497 cetera
1200 1433 1324 1500 iactum
1353 1435 1458 1501 intelli

303 1536 391 1617 getis.
428 1536 490 1614 Qui
503 1539 585 1620 apri,
610 1560 690 1619 quae
705 1537 784 1612 loca,
809 1537 962 1623 aedgteiu.
999 1535 1080 1611 Quid
1101 1541 1148 1599 est
1163 1537 1350 1620 praeterea?
1372 1538 1459 1605 multe

302 1639 337 1706 in
358 1640 543 1726 manicipiis,
567 1640 600 1704 in
621 1662 738 1726 pecore,
762 1661 845 1724 auro,
869 1644 1004 1724 argento,
1027 1638 1125 1726 ebore,
1152 1645 1247 1723 veste,
1269 1642 1458 1730 supellectili,

388 1824 421 1864 37.
435 1833 545 1872 nunquam
552 1825 625 1871 saeta.
641 1843 664 1851 -
675 1823 810 1872 pensitatur
820 1825 924 1871 potestas.
938 1839 962 1850 -
975 1830 1066 1869 aequam
1079 1829 1117 1860 reos
1130 1821 1163 1860 de.

303 1974 413 2041 poterat.
449 1969 501 2022 Sed
524 1984 585 2022 num
609 1984 696 2021 verum
715 1971 766 2030 est,
784 1967 879 2020 multos
904 1983 936 2020 ex
958 1966 1058 2020 illorum
1082 1982 1207 2020 annorum
1230 1968 1389 2024 consulibus
1409 1973 1460 2024 tunt

302 2059 385 2112 fnisse
412 2058 543 2108 mortuos?
580 2055 630 2118 Qui
656 2057 765 2106 exeunte
792 2070 858 2107 anno
883 2053 917 2106 63
943 2053 1066 2116 vixerint,
1093 2052 1271 2121 cognoscimus
1301 2070 1336 2108 ex
1360 2055 1414 2111 Cia
1435 2056 1460 2110 ad

304 2141 436 2205 Att.xl1,
455 2141 502 2203 71,
519 2155 577 2191 cum
595 2139 613 2191 ii
637 2138 801 2202 consrdares,
819 2139 864 2207 qui
886 2142 975 2191 contra
992 2137 1020 2190 L.
1040 2136 1177 2190 Catilinam
1200 2153 1290 2191 severe
1314 2142 1460 2204 statuerunt,

306 2229 495 2281 enumerantur.
541 2224 712 2277 Decesserant
733 2224 814 2290 igitur
843 2223 904 2275 anni
925 2222 956 2274 81
981 2221 1101 2274 consules
1122 2221 1156 2275 ll.
1175 2220 1276 2275 Tullius
1300 2224 1405 2280 Deculs
1424 2227 1461 2286 cr.

305 2313 439 2366 Cornelius
449 2310 592 2374 Dolabella,
611 2311 671 2363 anni
690 2310 760 2364 sot.
780 2310 853 2362 Sulla
868 2309 986 2372 dictator,
1005 2309 1069 2361 alter
1087 2309 1116 2372 Q.
1129 2308 1256 2363 Caecilius
1274 2311 1460 2368 Metellusl‘iru

307 2401 424 2464 vivebat,
447 2399 493 2452 sed
514 2400 552 2451 ita
573 2399 736 2467 aegrotabat,
760 2401 788 2450 ut
810 2398 894 2450 medio
922 2413 988 2450 anno
1014 2400 1155 2450 moreretur
1173 2400 1243 2462 (nam
1264 2398 1293 2450 in
1312 2400 1460 2467 pontificatu

304 2486 417 2539 maximo
440 2486 463 2537 ei
486 2484 612 2537 suecessit
629 2483 656 2536 C.
675 2483 800 2551 Caesar),¹
819 2483 878 2536 anni
897 2483 929 2534 79
954 2482 1099 2535 decesserat
1116 2481 1184 2551 App.
1207 2481 1332 2537 Claudius
1349 2486 1460 2551 Pulcher,

304 2573 408 2626 vivebat
424 2572 452 2627 P.
472 2571 595 2624 Servilius
613 2569 699 2634 Vatia,
718 2571 778 2623 anni
796 2569 829 2624 78
848 2570 995 2623 decesserat
1011 2570 1045 2623 11.
1063 2569 1191 2623 Aemilius
1210 2569 1342 2639 Lepidus,
1366 2574 1461 2629 virebat

306 2660 336 2725 Q.
354 2660 473 2713 Lutatius
492 2656 606 2721 Catulus,
625 2658 686 2710 anni
699 2657 731 2709 77
751 2656 897 2710 decesserat
914 2658 1020 2724 uterque
1032 2655 1063 2709 D.
1075 2656 1163 2709 Iunius
1180 2656 1277 2709 Brutus
1295 2657 1461 2713 Memmi

304 2749 355 2800 lius
372 2746 500 2815 Lepidus,
519 2745 579 2797 anni
597 2744 630 2797 76
654 2744 800 2796 decesserat
818 2742 862 2796 Cn.
882 2742 1017 2807 Octavius,
1039 2743 1144 2797 vivebat
1162 2742 1189 2796 0.
1209 2743 1365 2797 Scribonius
1384 2745 1461 2809 Curio,

305 2833 365 2885 anni
382 2831 416 2886 75
434 2833 540 2898 uterque
558 2829 704 2882 decesserat
720 2827 750 2879 L.
769 2827 889 2880 Octavius
909 2825 936 2880 C.
949 2826 1069 2879 Aurelius
1089 2826 1172 2891 Cotta,
1191 2827 1252 2880 anni
1269 2829 1305 2882 74
1322 2831 1459 2885 virebat

304 2917 441 2986 Lucullus,
460 2917 606 2970 decesserat
622 2915 656 2968 u.
674 2914 794 2967 Aurelius
813 2913 902 2978 Cotta,
921 2915 981 2967 anni
999 2913 1032 2966 73
1050 2914 1155 2968 vivebat
1170 2915 1204 2968 M.
1222 2914 1363 2982 Lucullus,
1381 2918 1461 2973 decas·

305 3008 374 3057 serat
391 3003 420 3056 C.
438 3003 541 3057 Cassius
560 3001 654 3065 Varus,
673 3002 733 3053 anni
750 3000 783 3053 72
802 3000 906 3052 virebat
923 3000 952 3053 L.
971 2999 1082 3065 Gellius,
1100 3000 1247 3054 decesserat
1266 3000 1313 3055 Cn.
1333 3002 1461 3059 Cornelias

304 3088 437 3151 Lentulus,
458 3088 519 3140 anni
537 3087 566 3139 71
587 3086 733 3139 decesserat
752 3090 860 3153 uterque
878 3085 924 3139 Cn.
941 3085 1059 3139 Aufidius
1077 3086 1181 3139 Orestes
1199 3087 1228 3138 P.
1247 3086 1386 3143 Cornelius
1402 3090 1461 3145 Lea

304 3176 382 3228 tulus.
418 3174 534 3242 Apparet
555 3172 634 3240 igitur
655 3187 731 3239 quam
754 3187 815 3224 vere
833 3170 922 3224 Cicero
944 3172 1039 3225 multos
1063 3171 1204 3226 decessisse
1228 3172 1332 3229 dixerit.
1357 3202 1394 3214 —-
1416 3175 1462 3229 πῖθ’

300 3259 373 3325 sorte
391 3258 459 3310 citit
475 3267 514 3312 est
530 3275 646 3326 aequum.
673 3258 817 3311 Pronomen
835 3257 903 3311 rrr'lrr'l
920 3259 1046 3326 coniunge
1064 3275 1123 3312 cum
1135 3259 1284 3326 suspicandi
1296 3262 1393 3329 verbo;
1410 3278 1461 3317 mu·

306 3345 387 3396 tentia
403 3343 482 3411 igitur
499 3348 540 3398 est
558 3344 612 3399 nisi
622 3344 695 3412 sorte
713 3344 829 3411 iniquum
848 3352 886 3398 est
902 3361 947 3397 eos
965 3345 1068 3412 aliquid
1084 3345 1222 3414 suspicari,
1245 3346 1292 3399 sed
1308 3354 1349 3401 est
1365 3348 1461 3417 mert-

305 3429 405 3482 sr'mum.
441 3429 516 3494 Quod
534 3433 618 3483 autem
643 3431 708 3485 dicit
725 3430 833 3483 cirrium
850 3438 983 3500 captatus,
1000 3431 1157 3500 frequentius
1175 3431 1245 3500 apud
1257 3430 1410 3489 Ciceronem
1425 3437 1462 3489 est

305 3514 382 3566 nirata
400 3522 533 3583 capestres,
557 3518 723 3569 remutamen
746 3516 824 3568 etiam
841 3516 905 3569 illud
923 3517 1026 3580 bonum,
1044 3517 1071 3569 in
1090 3515 1145 3570 Cat.
1158 3516 1177 3580 1,
1188 3516 1212 3580 5,
1233 3518 1266 3570 10
1281 3519 1394 3573 nimiam
1411 3521 1460 3584 dis,

304 3602 332 3653 in
350 3601 423 3654 Verr.
441 3603 498 3654 Act.
518 3600 537 3664 1,
556 3600 601 3664 10,
619 3601 652 3653 29
671 3600 778 3653 circium
796 3602 920 3670 dilipeas,
938 3602 1000 3655 ibid.
1019 3601 1051 3666 Π,
1070 3602 1118 3667 65,
1139 3602 1187 3656 157
1210 3602 1319 3656 cimirun
1343 3607 1460 3669 tanaim

305 3687 339 3740 ad
355 3687 410 3745 Att.
419 3687 479 3753 XII,
490 3686 530 3751 18,
542 3688 554 3739 1
574 3687 683 3740 trienium
695 3688 810 3755 tospom3
828 3705 854 3756 p.
864 3687 963 3741 Cluent.
973 3688 1016 3749 46,
1028 3687 1077 3742 128
1089 3687 1196 3741 airrrium
1212 3689 1299 3754 evulti3
1317 3692 1397 3760 epist.
1405 3692 1460 3757 xri,
1502 3722 1504 3731 =

305 3772 347 3837 30,
365 3775 381 3826 7
399 3791 450 3827 sort
467 3773 575 3826 nimium
589 3774 680 3843 probo.

390 3858 432 3913 38.
451 3860 576 3914 auertite
602 3861 701 3913 caimos
719 3862 756 3913 od
772 3878 811 3916 ea.
847 3862 940 3915 Verius
958 3861 1006 3915 hoc
1023 3861 1123 3915 videtur
1146 3877 1204 3915 esse
1222 3878 1300 3930 quarn
1317 3866 1389 3933 quod
1407 3865 1460 3920 cod

305 3944 367 4013 Lag.
386 3944 402 3996 9
420 3945 498 3998 habet
516 3947 639 3999 attendite
663 3947 749 3999 animo
772 3949 809 4000 od
825 3964 863 4001 ea.
905 3947 971 4000 Nam
990 3946 1078 4000 Cicero
1101 3949 1151 4001 etsi
1173 3949 1276 4018 saepius
1298 3950 1364 4005 dicit
1383 3959 1462 4007 abac

305 4030 366 4084 dere
384 4032 501 4099 aliquam
517 4049 571 4086 rem
589 4038 615 4087 et
631 4051 729 4100 rursus,
747 4036 791 4089 ubi
809 4037 854 4099 rei,
872 4051 937 4103 quae
950 4034 1175 4100 animadvertatur,
1194 4051 1269 4090 casus
1288 4053 1341 4091 non
1353 4037 1460 4102 additur,

305 4118 438 4171 amedera
457 4119 578 4184 animem,
592 4121 730 4176 ablativum
747 4126 834 4174 tamen
853 4121 939 4173 arrium
951 4135 1002 4174 non
1015 4121 1122 4175 addidit.
1145 4122 1230 4175 Etiam
1241 4121 1305 4174 illud
1313 4127 1359 4176 est
1370 4140 1461 4189 rarum,

306 4202 353 4256 sed
370 4207 397 4256 et
412 4207 586 4261 necessarium
604 4212 630 4261 et
648 4210 740 4279 origini
757 4209 830 4262 verbi
847 4209 1014 4272 conveniens,
1037 4209 1137 4262 caimos
1151 4209 1282 4262 auertere
1299 4209 1337 4262 sd
1353 4211 1460 4281 aliquid

305 4303 386 4355 neque
404 4291 491 4344 inveni
512 4293 561 4347 nisi
579 4294 611 4346 de
629 4295 669 4347 off.
688 4295 712 4359 l,
730 4294 780 4358 37,
798 4292 845 4346 131
866 4293 891 4345 si
908 4299 1017 4347 attentos
1036 4295 1134 4347 animos
1156 4295 1193 4348 ed
1209 4294 1309 4347 decoris
1327 4313 1461 4350 censemu-

306 4373 400 4426 renem
418 4376 562 4431 tenebimus.
581 4408 614 4417 —
625 4381 737 4449 prodam
754 4379 881 4447 quendum
899 4386 975 4448 atque
993 4379 1100 4444 aditum,
1118 4381 1135 4432 i.
1148 4396 1171 4435 e.
1189 4380 1305 4450 gradum,
1323 4397 1372 4450 per
1388 4398 1460 4451 quam

306 4459 339 4512 ad
357 4464 442 4514 cetera
460 4462 543 4517 adeat
578 4466 626 4519 Est
648 4468 727 4535 igitur
748 4466 774 4518 tv
794 4464 834 4517 διὰ
856 4465 933 4518 δυοῖν.
970 4464 1070 4520 Gradus
1092 4468 1179 4519 autem
1201 4466 1305 4535 proprie
1329 4471 1392 4521 sunt
1408 4483 1461 4523 sos·

305 4545 395 4610 larum,
414 4562 478 4614 quos
494 4549 550 4602 iaci
567 4551 640 4617 dixit,
658 4556 687 4605 ut
704 4552 871 4605 fundamenta
888 4552 1015 4606 similiave
1032 4553 1167 4605 iaciuntur.
1197 4553 1235 4605 At
1249 4553 1461 4622 pradcmsoosre

306 4629 369 4695 (Cic.
393 4631 425 4685 de
448 4638 510 4688 orat
530 4636 568 4703 II,
590 4640 637 4704 61,
661 4639 711 4692 249
734 4639 931 4708 quotiescunque
950 4639 1062 4708 prodam
1083 4637 1183 4707 sociem
1210 4641 1237 4693 in
1255 4638 1329 4693 Verr.
1346 4639 1387 4705 11,
1405 4637 1460 4704 l,3
