3550 5492
787 585 999 649 ..93-

309 741 461 831 Sperant,
489 743 516 807 si
544 764 720 809 concessum
750 745 792 810 sit
817 746 953 811 inimicis
984 747 1040 811 Cn.
1067 748 1205 833 Pompeii
1232 771 1303 814 cum
1330 751 1468 835 imperio,

309 868 385 913 cum
405 845 521 911 iudicio
543 845 683 911 omnium
703 867 823 928 rerum,
845 869 917 912 oum
938 847 1062 914 infinita
1082 854 1248 934 potestate,
1276 872 1348 916 cum
1376 853 1469 916 innn-

311 948 456 1015 merabili
483 947 615 1033 pecunia
641 967 704 1012 non
731 947 830 1013 solnm
853 948 925 1013 aliis
948 949 982 1013 in
1002 948 1076 1014 locis
1099 950 1218 1033 vagari,
1241 974 1350 1018 uerum
1375 955 1470 1019 etiam

310 1051 350 1121 ad
372 1050 480 1139 ipsum
500 1051 671 1138 pervenire,
693 1051 811 1136 aliquid
832 1050 880 1116 illi
902 1052 1086 1118 insidiarum
1104 1054 1180 1135 fieri,
1204 1054 1322 1139 aliquid
1344 1055 1470 1122 deeius

310 1153 459 1235 exercitu,
482 1153 593 1239 copiis,
616 1152 713 1236 gloria
735 1152 854 1219 detrahi
876 1175 979 1238 posse:
1006 1160 1146 1239 putant„
1164 1155 1306 1239 siquam
1327 1180 1413 1244 spem
1434 1161 1468 1224 in

309 1256 365 1323 Cn.
388 1256 535 1340 Pompeio
558 1255 709 1320 exercitus
731 1255 843 1320 habeat
864 1261 920 1321 aut
941 1277 1084 1338 agrorum
1106 1261 1161 1320 ant
1182 1255 1314 1321 aliorum
1335 1282 1467 1327 commo·

309 1360 432 1442 dorum,
456 1359 536 1423 hanc
558 1380 620 1424 non
635 1359 826 1442 habiturum,
849 1380 921 1424 cum
942 1359 1077 1424 viderint
1092 1381 1198 1424 earum
1212 1381 1315 1426 rerum
1329 1365 1468 1429 omnium

305 1468 495 1551 potestatem
516 1463 556 1528 ad
577 1463 689 1529 Xuiros
711 1485 776 1529 esse
798 1454 992 1529 translatam.
1036 1464 1139 1529 Patior
1164 1485 1225 1529 non
1248 1465 1375 1532 moleste
1397 1490 1468 1533 cum
1476 1483 1510 1539 55

305 1566 421 1633 stultos
444 1588 512 1633 esse
534 1567 589 1651 qui
609 1567 666 1633 hoc
681 1576 815 1653 sperent,
837 1574 906 1634 tum
921 1567 1115 1653 impudentes
1131 1568 1185 1652 qui
1202 1575 1366 1634 conentur:
1388 1570 1468 1635 illud

305 1691 435 1757 queror,
458 1677 524 1737 tam
550 1693 600 1735 me
623 1671 661 1735 ab
687 1672 742 1758 his
758 1693 823 1737 esse
845 1677 1070 1757 contemptum,
1098 1677 1134 1735 ut
1154 1672 1228 1735 baec
1250 1677 1390 1756 portenta
1418 1694 1467 1737 me

305 1772 434 1839 consule
456 1772 652 1859 potissimum
674 1772 853 1856 cogitarent.

394 1876 498 1965 Atque
519 1874 554 1939 in
577 1875 721 1941 omnibns
744 1875 783 1940 iis
806 1877 888 1960 agris
909 1877 1117 1962 aedificiisque
1142 1877 1311 1942 vendendis
1340 1878 1467 1963 permit-

305 1964 385 2071 titur
408 1976 525 2061 Xviris,
547 1991 580 2042 ut
601 1981 735 2045 venduut
756 1983 984 2065 quibuscunque
1005 1986 1039 2045 iu
1060 1983 1135 2057 iocis
1157 1985 1307 2057 uideatur.
1351 1981 1376 2045 Ο
1398 2004 1466 2068 per·

305 2082 470 2159 turbatum¹
489 2081 649 2165 rationem,
673 2103 690 2148 o
712 2080 873 2149 libidinem
888 2085 1113 2166 refrenandam,
1136 2084 1296 2150 ocensilie
1318 2084 1467 2149 dissoluta

338 2272 340 2277 ·
395 2246 472 2287 aaa
483 2248 551 2297 epau
564 2249 681 2288 exercitam
690 2250 811 2297 pmeutre.
824 2269 849 2279 -
867 2249 903 2313 ⁵⁵¹.
910 2252 1002 2299 moleste,
1016 2253 1061 2290 tam
1073 2251 1153 2292 stultos.
1166 2268 1191 2278 —
1205 2250 1242 2297 qui
1253 2249 1306 2289 hoec
1317 2253 1409 2297 sperent,
1423 2253 1467 2289 tum

305 2316 447 2367 musam.
460 2336 485 2347 -
498 2318 526 2356 ab
539 2319 573 2358 iis.
587 2338 611 2349 -
625 2319 720 2358 omuibus
732 2320 766 2358 tir
778 2321 849 2368 uocis.
862 2340 888 2348 —
901 2321 1011 2361 libidinem
1024 2321 1160 2369 effrenatum.
1192 2374 1195 2382 Ι

306 2444 375 2512 dere,
389 2432 468 2514 ¹quod
489 2446 602 2516 perfecta
625 2447 712 2515 posuit
733 2447 845 2500 a=eaierit
866 2450 893 2499 et
914 2449 1000 2501 locutu
1017 2449 1059 2502 eit.
1095 2449 1148 2502 Sed
1171 2448 1209 2502 sic
1231 2448 1327 2516 cogita:
1355 2447 1465 2515 insignis

307 2520 463 2587 untumelia
480 2538 520 2586 est
537 2533 631 2589 factum
650 2548 707 2586 esse
724 2536 753 2586 ui
770 2549 811 2585 res
829 2534 944 2587 venierit.
967 2535 1098 2600 Estenim
1116 2535 1278 2598 contumelia,
1290 2535 1313 2587 si
1324 2534 1465 2603 perlectum

307 2618 349 2682 sit,
365 2632 419 2672 non
435 2619 459 2671 si
469 2621 524 2671 tum
542 2618 643 2673 demum
656 2619 808 2688 perficiatur.
822 2621 905 2672 -ud
919 2621 1011 2688 ipsura.
1033 2621 1128 2674 Verius
1140 2622 1189 2674 hoc
1200 2621 1302 2673 ridetur
1318 2636 1466 2688 essequam

308 2702 376 2773 quod
394 2702 479 2756 adbuc
495 2704 580 2757 editur
597 2705 732 2774 adipatae
756 2706 910 2769 euucitum,
928 2706 996 2773 qnod
1014 2721 1046 2759 ne
1063 2722 1110 2774 per
1127 2712 1155 2760 s'e
1173 2707 1256 2775 ipsum
1277 2706 1379 2773 quidem
1401 2706 1464 2758 satis

306 2788 397 2858 piacet
423 2789 507 2845 -Nam
525 2806 606 2860 neque
623 2793 650 2845 in
673 2794 730 2860 ipso
753 2794 867 2845 exerc-itu
883 2792 999 2859 Pompeii
1027 2791 1088 2858 quid
1111 2795 1216 2859 agerent
1232 2791 1309 2843 Xuiri
1329 2791 1464 2859 quicquam

308 2877 514 2946 erat,etpau10
536 2883 596 2946 post
613 2894 659 2932 suo
677 2879 733 2932 loco
751 2880 875 2948 repetitur
894 2877 1033 2931 exarcatus.
1069 2875 1152 2940 Quare
1170 2893 1227 2929 cum
1250 2875 1332 2929 codex
1354 2876 1465 2943 optimus

309 2964 409 3017 amittat
420 2964 570 3029 auaitum,
587 2982 698 3019 errorem
711 2967 827 3019 extitisse
839 2979 932 3019 censeo
949 2964 975 3015 in
989 2963 1103 3030 genitivo
1114 2962 1171 3016 loco
1189 2961 1328 3014 accusativi
1338 2958 1466 3028 ponendo.

309 3046 483 3113 Quadratum
502 3050 534 3103 de
552 3051 652 3103 insidiis
670 3050 792 3118 Pompeio
815 3050 938 3103 faciendis
957 3049 1033 3114 dicit,
1056 3050 1214 3113 meminerat,
1229 3064 1294 3117 quae
1305 3046 1340 3102 .L.
1359 3043 1465 3099 Lucullo

308 3132 468 3197 recidissent,
489 3134 533 3202 qni
545 3134 672 3202 imprimis
690 3134 799 3187 militum
812 3134 939 3188 seditione
958 3134 1051 3187 bellum
1072 3134 1193 3202 perficere
1210 3133 1465 3202 eratprobibitus.-

309 3218 328 3269 η’
343 3234 424 3285 quum
441 3234 558 3288 spemsq.
586 3219 686 3272 Etenim
704 3221 755 3272 iam
772 3220 916 3273 invaluerat
932 3221 959 3272 in
978 3219 1109 3287 republica
1126 3219 1174 3271 hoc
1192 3216 1294 3282 malum,
1311 3220 1340 3269 ut
1357 3217 1465 3284 impera·

310 3306 382 3370 tores,
399 3305 446 3374 qui
463 3320 558 3373 magna
575 3306 642 3358 bella
660 3311 807 3375 gesserant,
825 3309 959 3359 veteranos
977 3320 1038 3358 suos
1056 3321 1113 3357 cum
1130 3304 1240 3372 pecuma
1262 3306 1317 3355 tum
1340 3302 1409 3370 agris
1427 3317 1466 3355 re·

310 3393 509 3445 superarentur.
534 3390 572 3444 Ita
590 3390 618 3444 O.
632 3392 727 3445 Marius
746 3392 859 3445 colonias
877 3393 1040 3447 deducendas
1057 3396 1199 3456 curaverat,
1216 3392 1244 3443 in
1261 3391 1353 3459 quibus
1371 3390 1466 3445 milites

310 3488 364 3529 tuoe
383 3474 513 3543 ascripsit,
526 3474 554 3529 L.
568 3475 640 3528 Sulla
657 3476 724 3529 bello
734 3476 803 3529 civili
815 3477 931 3531 coniecto
949 3481 1084 3532 veteranos
1101 3479 1127 3530 in
1140 3479 1217 3548 agris,
1235 3492 1298 3547 quos
1316 3476 1464 3529 ciuitatibus

310 3562 445 3631 cripuerat,
461 3561 602 3627 collocavit,
620 3561 868 3633 itaCn.Pompeius,
886 3580 944 3618 cum
962 3582 995 3619 ex
1012 3564 1075 3618 Asia
1088 3565 1243 3627 revertisset,
1261 3560 1371 3615 annoto
1382 3561 1465 3627 legem
1495 3560 1508 3583 ⁶

311 3644 423 3702 Humum
441 3649 579 3717 agrariam,
595 3653 649 3703 tum
661 3665 727 3704 anno
740 3650 774 3704 59
792 3650 819 3704 G.
830 3650 947 3705 Caesaris
966 3651 1079 3705 consulis
1096 3649 1202 3712 adiuvit,
1219 3652 1248 3700 ut
1265 3645 1393 3699 veteranis
1411 3643 1465 3697 suis

306 3735 472 3804 prospiceret
508 3734 640 3791 Edidimus
659 3739 744 3789 autem
760 3736 876 3789 or'cieriut
897 3753 929 3790 ex
946 3738 1060 3791 omnium
1078 3735 1200 3788 librorum
1218 3748 1265 3786 ms.
1284 3745 1418 3793 consensu,
1435 3731 1465 3781 ut

309 3820 410 3887 pluralis
428 3822 554 3875 referatur
571 3823 603 3875 ad
621 3823 723 3886 milites,
741 3823 785 3890 qni
803 3823 851 3876 sub
870 3824 972 3876 nomine
993 3823 1121 3875 exercitus
1139 3820 1233 3881 latent,
1250 3817 1283 3870 cf.
1300 3831 1379 3885 supra
1396 3816 1411 3879 ξ
1429 3813 1462 3871 et

310 3918 336 3957 ιτ
351 3924 380 3961 eo
398 3896 514 3972 mucro,
532 3909 578 3977 qui
590 3924 642 3978 per
659 3925 701 3962 eos
719 3925 800 3960 uanos
818 3906 934 3960 consules
946 3905 1064 3973 fueruat.

386 3992 430 4049 55.
450 4010 507 4047 cum
521 3995 611 4047 stultos
626 4010 688 4048 cese.
715 3995 782 4048 Ante
794 4010 840 4048 nos
852 3992 974 4046 edebatur
987 3998 1038 4043 tum
1053 3989 1143 4043 stultos
1166 4001 1232 4050 esee,
1244 3990 1299 4039 tum
1317 3991 1368 4038 tam
1381 3984 1463 4055 impu·

311 4075 399 4144 duaa,
417 4096 484 4149 quae
501 4080 585 4132 minus
609 4081 713 4146 placent
735 4097 810 4149 quam
829 4098 886 4133 cum
914 4107 947 4115 —
971 4085 1036 4140 tum,
1063 4077 1155 4144 quibus
1172 4074 1307 4142 particulis
1324 4088 1389 4143 quae
1407 4087 1464 4141 gra-

311 4148 370 4219 uuo
388 4154 420 4217 in¹
436 4163 522 4216 uerbis
540 4165 575 4217 sit
593 4163 761 4232 significatur.
793 4164 861 4217 Dicit
878 4165 928 4218 sibi
948 4180 996 4217 non
1015 4161 1089 4216 modo
1107 4161 1275 4231 eloquentiam
1295 4175 1351 4213 esse
1369 4159 1402 4211 ad
1420 4158 1463 4211 do·

311 4248 395 4305 andos
413 4250 544 4315 homiues,
561 4238 649 4304 verum
667 4253 744 4304 etiam
766 4252 918 4305 iudustriam
937 4252 969 4304 ad
987 4266 1044 4314 eos,
1072 4251 1114 4319 qui
1132 4248 1293 4318 impudentes
1317 4250 1376 4311 sint,
1395 4262 1465 4300 coer·

311 4332 410 4389 oeudos:
437 4334 502 4388 illud
525 4338 653 4404 queritur,
671 4338 704 4390 ab
722 4336 770 4399 bis,
788 4338 804 4390 i.
820 4352 843 4390 e.
861 4337 894 4390 iis
912 4338 955 4406 qui
979 4337 1062 4405 legem
1080 4337 1208 4405 agrariam
1226 4335 1352 4397 tulerunt,
1368 4335 1411 4403 qui
1435 4349 1463 4386 se

288 4478 291 4489 Δ
313 4430 428 4490 nmque
451 4422 583 4489 ingenium
606 4438 682 4475 nosse
705 4422 827 4475 deberent
844 4424 933 4491 (eaque
956 4420 987 4473 de
1011 4437 1088 4475 causa
1111 4420 1250 4490 appellavit
1266 4419 1336 4484 boa),
1360 4432 1463 4472 sesses

311 4508 487 4575 asumptum.
523 4505 596 4569 Quod
614 4510 698 4560 autem
717 4513 769 4558 tum
787 4507 803 4559 i.
821 4522 844 4560 e.
863 4510 998 4574 tantopere
1015 4508 1148 4576 coniungit
1166 4523 1223 4560 cum
1240 4506 1328 4568 uerbo,
1345 4504 1408 4556 facit
1424 4505 1462 4556 in-

311 4588 442 4657 tolcuh'us3
460 4606 614 4661 quamquam
631 4607 714 4661 pauca
731 4597 792 4647 sunt
809 4596 939 4665 exempla,
956 4610 1014 4647 cum
1031 4612 1084 4649 aon
1101 4602 1154 4649 tum
1171 4610 1230 4647 eum
1251 4593 1330 4645 verbo
1348 4590 1463 4658 iungitur

308 4670 363 4739 (iic.
381 4674 461 4729 Tuae.
478 4673 523 4742 lli,
542 4677 571 4741 l;
589 4676 620 4731 de
638 4675 681 4731 fin.
699 4677 720 4744 I,
731 4679 765 4744 1).
783 4706 816 4719 -
834 4679 1027 4748 refrenandam,
1044 4683 1061 4736 i.
1078 4698 1101 4736 e.
1118 4683 1156 4734 ita
1172 4679 1331 4743 effrenatm,
1346 4680 1377 4731 ui
1392 4690 1464 4730 cour·
