3550 5492
764 587 999 653 -128-

306 754 445 819 hominos
472 753 586 835 iugera.
631 752 724 829 Quasi
749 773 819 817 vcro
847 750 976 836 paulum
1004 750 1125 816 differat
1152 771 1224 834 ager
1246 751 1442 839 Campannsa

305 857 442 922 Stellati!

261 983 294 1038 ga
391 961 453 1026 Sed
474 961 658 1043 multitudo,
682 961 831 1041 Quirites,
854 959 1026 1045 quaeritur,
1054 979 1116 1043 qua
1142 958 1198 1022 illa
1225 958 1331 1024 omnia
1351 958 1445 1044 oppida

309 1065 528 1150 compleantur.
565 1064 645 1128 Nam
667 1063 732 1127 dixi
754 1068 845 1128 antea
858 1064 925 1147 lege
946 1062 1093 1147 permitti,
1116 1066 1152 1125 ut
1172 1083 1252 1145 quae
1273 1062 1372 1128 velint
1391 1082 1447 1126 mu·

308 1166 433 1252 nicipia,
456 1188 532 1251 quas
554 1165 653 1232 velint
674 1170 791 1229 veteres
813 1164 946 1230 colonias
969 1164 1083 1229 colonis
1105 1166 1171 1230 suis
1187 1170 1348 1251 occupent
1375 1164 1449 1229 Cale-

242 1260 253 1279 '
308 1291 385 1334 num
407 1268 611 1354 municipium
629 1266 839 1352 complebunt:
863 1266 1004 1330 Teanum
1023 1266 1215 1351 oppriment:
1237 1265 1383 1347 Atellam,
1399 1265 1449 1329 Cu·

309 1393 386 1455 mas,
409 1370 583 1457 Neapolim,
608 1371 782 1456 Pompeios,
805 1367 968 1433 Nuceriam
990 1368 1056 1433 suis
1083 1368 1244 1454 praesidiis
1274 1368 1450 1433 devinciant:

310 1475 450 1540 Puteolos
479 1497 566 1556 uero,
595 1475 650 1559 qui
671 1495 755 1539 nunc
777 1476 811 1540 in
833 1495 891 1538 sua
911 1477 1061 1557 potestate
1082 1477 1170 1554 sunt,
1198 1493 1253 1537 suo
1281 1471 1351 1536 iure
1371 1472 1451 1537 liber-

309 1582 432 1661 tateque
454 1584 596 1658 utuntur,
619 1581 697 1640 totos
720 1597 798 1641 novo
820 1574 932 1661 populo
947 1580 1038 1658 atqm
1061 1574 1242 1640 adventiciis
1257 1577 1354 1661 copiis
1376 1597 1451 1642 occu-

190 1695 296 1751 xxxn
310 1679 437 1765 pabunt.
488 1677 576 1741 Tunc
605 1675 684 1740 illud
711 1676 860 1742 vexillum
886 1676 1061 1762 Campanae
1087 1678 1238 1762 coloniae,
1266 1680 1453 1746 vehementer

391 1870 440 1900 cero
450 1860 563 1908 paululum
575 1860 684 1908 differat..

305 2009 396 2061 dorum
413 2006 599 2074 Campanorum
617 2007 671 2059 suis
695 2004 1031 2081 colonisoccupandorum.
1067 2005 1177 2059 Uberius
1200 2006 1264 2060 baec
1289 2010 1453 2077 exposuimus,

308 2094 368 2161 qnia
385 2093 462 2144 etiam
479 2093 669 2145 recentissimos
683 2091 834 2157 interpretes
853 2091 886 2142 ab
907 2094 1034 2145 sententia
1050 2093 1125 2146 huius
1137 2093 1187 2145 loci
1203 2093 1322 2148 aberrare
1338 2096 1453 2149 ridemus

308 2179 397 2247 Inepte
415 2183 500 2233 autem
517 2180 617 2232 codices
630 2179 745 2247 plerique
756 2176 916 2246 editoresque
928 2181 1030 2246 praeter
1041 2177 1172 2231 Baiterum
1182 2179 1341 2248 scripserant
1358 2181 1455 2253 dsffuct
1483 2230 1488 2239 .

306 2280 370 2333 aper
390 2262 537 2334 catapanus
554 2282 587 2317 oe
606 2262 724 2317 Stellatis
730 2281 738 2326 3
755 2261 812 2330 quis
829 2263 897 2315 enim
907 2262 1041 2315 Tullianae
1059 2263 1182 2316 orationis
1200 2265 1299 2331 peritus
1317 2265 1384 2319 ferat
1399 2266 1455 2320 boec

305 2357 381 2417 atquc
398 2352 446 2405 illa
463 2368 505 2405 res
523 2351 625 2420 differt,
648 2365 698 2404 non
715 2349 778 2402 baec
796 2355 821 2401 el
839 2349 886 2401 illc
904 2351 965 2403 rest
997 2348 1158 2415 Adiuvatque
1179 2350 1384 2406 emendationem
1404 2351 1454 2407 eod

303 2435 365 2505 Lag.
385 2438 400 2490 9
418 2438 503 2491 lecti0.

390 2520 432 2578 86.
450 2521 508 2573 diat
525 2527 610 2583 autea,
628 2520 747 2572 nimirum
765 2519 779 2583 ξ
797 2517 839 2572 75.
874 2518 1002 2571 Recenset
1023 2519 1102 2586 igitur
1124 2521 1221 2590 oppida
1245 2537 1296 2574 non
1318 2522 1409 2591 procul
1425 2522 1453 2574 ab

305 2602 394 2670 Capua
412 2602 445 2656 ad
467 2619 536 2656 mare
560 2604 623 2668 sita,
647 2617 783 2670 eorumque
805 2603 855 2654 tria
872 2617 968 2671 genera
985 2605 1125 2658 constituit.
1160 2606 1273 2659 Pn'rnum
1300 2611 1341 2662 est
1367 2622 1455 2672 eornm,

307 2703 372 2756 quae
390 2687 501 2741 nondum
519 2687 585 2742 ullos
605 2688 710 2742 colonos
722 2689 882 2755 acceperant,
901 2685 975 2741 Cales
993 2690 1020 2741 et
1029 2689 1150 2755 Teanum,
1167 2691 1194 2743 in
1212 2691 1292 2744 altero
1309 2693 1456 2747 suntmuni·

305 2775 374 2843 cipia
391 2774 436 2826 illa
453 2775 554 2844 quidem
573 2777 686 2843 antiqua,
704 2775 749 2827 sed
767 2774 864 2827 colonis
883 2772 996 2827 Sullanis
1014 2779 1147 2844 occupata,
1164 2776 1256 2841 Atella,
1275 2776 1380 2844 Cumae,
1397 2778 1456 2832 Nea·

304 2861 382 2929 polis,
400 2861 525 2929 Pompeii,
543 2860 661 2925 Nuceria,
678 2876 743 2929 quae
761 2875 819 2912 cum
836 2863 898 2912 tunc
914 2861 942 2913 in
959 2864 1087 2929 potestate
1104 2866 1191 2915 essent
1207 2878 1296 2917 eorum
1313 2880 1379 2933 quos
1390 2864 1458 2918 Sulla

305 2946 455 3013 deduxerat,
464 2948 556 3001 Rullus
575 2948 628 3001 suis
646 2946 791 2999 bominibus
809 2946 931 3014 praesidii
949 2962 1169 3016 causamccupare
1180 2949 1290 3002 volebat.
1317 2949 1457 3020 Supersunt

303 3033 413 3098 Puteoli,
430 3037 503 3087 retus
522 3033 623 3086 colonia
640 3033 743 3096 civium,
760 3032 788 3083 in
805 3047 856 3099 qua
874 3033 960 3084 tamen
978 3032 1054 3083 etiam
1072 3031 1146 3084 Srdla
1162 3035 1342 3087 veteranorum
1358 3048 1457 3088 suorum

305 3119 431 3173 coloniam
452 3120 624 3173 constituerat
656 3120 694 3172 Ac
712 3134 770 3172 cum
787 3119 854 3170 inter
872 3132 915 3170 eas
933 3117 1048 3171 colonias
1065 3119 1092 3170 in
1105 3118 1193 3170 eodem
1211 3118 1307 3187 oppido
1324 3119 1458 3174 collocatas

303 3206 433 3257 contentio
457 3207 578 3268 oreretur,
600 3208 685 3256 utrum
708 3207 806 3256 veteres
830 3200 916 3255 coloni
937 3218 970 3254 an
988 3192 1075 3254 Sullae
1093 3203 1209 3255 veterani
1231 3203 1258 3253 in
1282 3202 1458 3257 decurionibus

303 3289 436 3354 faciendis,
454 3291 481 3342 in
499 3291 693 3357 magistratibus
706 3289 868 3353 mandandis,
886 3288 995 3354 denique
1013 3288 1039 3340 in
1057 3289 1178 3341 universa
1195 3287 1326 3356 republica
1343 3289 1403 3357 plus
1419 3305 1458 3342 ra·

303 3374 390 3427 lerent
407 3374 485 3437 (Plut.
498 3374 561 3427 Sull.
572 3375 624 3440 37),
641 3374 762 3443 quamdiu
775 3375 881 3429 Sullana
898 3380 955 3429 acta
972 3376 1158 3441 constiterunt,
1168 3381 1265 3430 certum
1282 3379 1323 3430 est
1339 3378 1458 3430 maiorem

302 3458 445 3525 potentiam
467 3457 547 3511 luisse
571 3459 640 3527 apud
663 3458 793 3526 Sullanos;
816 3460 862 3513 sed
883 3461 1002 3514 infractis
1022 3461 1123 3530 legibus
1141 3459 1265 3515 Corneliis
1287 3462 1457 3532 intelligemus

303 3547 402 3598 veteres
420 3544 525 3598 colonos
544 3543 686 3598 libertatem
710 3561 784 3599 suam
806 3561 972 3614 recuperasse
991 3561 1021 3598 ac
1044 3548 1112 3599 certe
1130 3545 1310 3613 aequalitatem
1328 3561 1386 3599 cum
1405 3545 1458 3598 Sul·

303 3632 370 3686 lanis
394 3649 451 3687 esse
469 3631 584 3701 adeptos.
621 3632 660 3688 Cl.
678 3637 814 3687 comment.
838 3636 940 3686 nostras
963 3631 1094 3700 epigraph.
1113 3630 1125 3683 I
1142 3647 1168 3698 p.
1187 3629 1245 3684 259.
1286 3630 1354 3682 Tum
1376 3635 1457 3684 autem

301 3719 393 3772 Rullus
417 3718 499 3772 denuo
524 3718 645 3772 Puteolos
668 3735 734 3772 novo
755 3719 852 3788 populo
876 3733 1003 3786 occupare
1025 3717 1157 3786 cogitabat
1182 3719 1257 3784 atque
1278 3716 1316 3768 ita
1337 3718 1366 3769 in
1389 3732 1458 3771 suam

302 3822 457 3875 suorumque
478 3809 630 3874 potestatem
654 3806 783 3875 redigere3
806 3805 910 3858 videbat
931 3805 998 3857 enim
1021 3802 1157 3872 oppidum,
1182 3803 1209 3854 in
1226 3817 1276 3871 quo
1300 3803 1413 3870 optimus
1428 3817 1458 3855 ac

303 3878 526 3960 frequentissimus
544 3891 633 3944 Italiae
651 3895 740 3959 portus
759 3895 834 3956 esset,
852 3893 876 3944 si
894 3891 973 3944 ullam
990 3889 1131 3958 potentiam
1150 3889 1252 3956 assequi
1271 3887 1357 3951 vellet,
1374 3886 1457 3957 impri·

302 3975 350 4028 mis
370 3991 426 4028 esse
446 3975 494 4028 sibi
513 3975 687 4030 obtinendum.
718 3973 787 4028 Citat
805 3979 890 4028 autem
908 3992 940 4028 ex
957 3976 1006 4029 hoc
1023 3975 1080 4028 loco
1098 3975 1239 4028 Martianus
1251 3972 1357 4041 Capella
1366 3970 1398 4039 V,
1409 3970 1458 4025 536

302 4063 377 4114 haeot
409 4059 525 4129 Capuam
548 4062 645 4114 colonis
667 4061 783 4115 deductis
806 4060 974 4130 occupabunt,
992 4059 1106 4112 Atellam
1123 4057 1259 4128 pracsidio
1282 4057 1458 4119 rorrraraaieat,

303 4144 445 4197 Nuceriam
463 4162 520 4196 cera
537 4144 586 4196 lare
602 4145 766 4197 erealtitudine
783 4162 887 4197 auorum
909 4143 1066 4208 obtinebunt,
1089 4152 1174 4197 cetero
1197 4143 1295 4212 oppida
1314 4141 1458 4211 praesidiis

302 4229 459 4297 dectrectaret,
486 4230 630 4282 memoriter
656 4234 682 4283 et
708 4232 772 4284 satis
799 4231 875 4297 longe
904 4230 936 4282 ab
964 4229 1049 4281 verbis
1080 4229 1204 4281 Tullianis
1235 4226 1372 4291 recedens,
1398 4228 1459 4279 item

302 4314 396 4382 Aquila
413 4315 543 4367 Romanus
566 4315 597 4367 de
614 4314 657 4384 fig.
676 4319 741 4370 sent.
761 4317 775 4381 ξ
792 4315 834 4370 43.
865 4344 898 4353 -
923 4315 1046 4368 vexillam
1070 4313 1217 4384 Cuaapaaac
1232 4313 1369 4368 'coloratae
1416 4313 1458 4366 Sic

301 4400 444 4455 'rectissime
466 4400 611 4453 emendarit
637 4401 819 4467 Lauredanns,
846 4418 903 4455 cum
930 4401 1030 4455 codices
1055 4402 1168 4455 habeant
1195 4401 1301 4464 erilium
1318 4397 1460 4469 Campanis

302 4489 356 4542 sive
377 4485 542 4558 Corrrpcae'oe.
578 4490 679 4542 Etenim
696 4490 810 4545 coloniae
828 4507 885 4544 cum
904 4488 1034 4542 muniendi
1050 4488 1151 4556 imperii
1169 4502 1247 4540 causa
1265 4485 1459 4550 deducerentur,

304 4572 408 4642 antiquo
425 4564 495 4626 more
513 4575 561 4627 sub
579 4574 660 4644 signis
678 4573 831 4628 militaribus
850 4591 880 4629 ae
898 4574 992 4629 vexillo
1008 4574 1190 4638 condebantur,
1208 4588 1274 4642 quae
1290 4586 1343 4625 non
1360 4576 1459 4627 tantam

304 4663 331 4720 in
349 4659 552 4741 Carthaginiensi
574 4662 675 4716 colonia
693 4660 721 4716 C.
739 4660 849 4721 Gracchi
870 4665 986 4733 tempore
1010 4660 1120 4725 deducta
1137 4657 1216 4723 (Plut
1234 4658 1262 4713 C.
1280 4657 1389 4713 Graecia.
1409 4659 1460 4725 ll),
