3550 5492
773 506 1009 573 -101-

303 656 419 737 horum
442 670 500 734 erit
523 670 646 735 nullum
667 669 828 752 iudicium,
852 675 986 755 quantae
1003 670 1151 756 cuiusque
1166 671 1330 737 manubiae
1344 673 1469 756 fuerint,

305 774 382 861 quid
405 773 554 856 relatum,
583 774 658 858 quid
686 773 845 838 residuum
873 775 924 838 sit.
969 775 1004 840 In
1033 783 1191 860 posterum
1218 796 1288 839 vero
1316 776 1366 840 lex
1394 778 1469 842 haec

303 866 544 963 imperatoribus
567 877 681 940 nostris
697 877 906 959 constituitur,
930 883 966 942 ut
980 878 1155 961 quicunque
1178 878 1215 941 de
1237 880 1396 964 provincia
1415 881 1469 945 de-

304 980 451 1062 cesserit,
480 979 563 1064 apud
591 979 716 1044 eosdem
738 980 850 1045 Xuiros
873 987 1026 1065 quantum
1053 983 1165 1047 habeat
1186 982 1332 1067 praedae,
1357 1005 1468 1072 manu·

303 1083 439 1165 biarnm,
463 1082 531 1147 auri
555 1084 706 1148 coronarii
721 1086 910 1168 profiteatur.
944 1085 1025 1149 Hine
1040 1092 1144 1150 tamen
1167 1087 1215 1150 vir
1230 1086 1364 1171 optimus
1387 1101 1512 1169 eum,oo

302 1209 400 1272 quem
424 1192 523 1267 amat,
546 1186 660 1270 exeipit
689 1186 746 1250 On.
769 1187 960 1272 Pompeium.
1016 1189 1106 1253 Unde
1127 1189 1187 1253 iste
1210 1210 1295 1253 amor
1322 1196 1387 1254 tam
1408 1191 1468 1254 im-

302 1291 456 1378 provisus
481 1311 516 1353 ae
544 1295 610 1354 tam
641 1289 842 1374 repentinus?
893 1292 953 1367 Qui
981 1292 1094 1356 honore
1116 1293 1264 1357 Xviratus
1295 1292 1467 1357 excluditur

302 1416 401 1481 prope
415 1393 611 1475 nominatim,
635 1394 724 1458 cuius
746 1394 897 1458 iudicium
913 1395 1076 1479 legumque
1095 1396 1188 1478 datio,
1207 1401 1366 1480 captorum
1380 1416 1467 1478 agro-

302 1518 377 1563 rum
399 1497 498 1583 ipsius
521 1497 636 1562 virtute
658 1498 791 1579 cognitio
807 1498 935 1580 tollitur,
959 1499 1048 1563 cuius
1064 1520 1126 1563 non
1149 1499 1182 1563 in
1198 1498 1398 1584 provinciam,
1414 1499 1467 1562 sed

303 1602 338 1666 in
361 1602 433 1689 ipsa
454 1607 555 1666 castra
576 1601 667 1666 Xviri
689 1622 760 1664 cum
782 1601 921 1686 imperio,
944 1602 1069 1666 infinita
1090 1603 1231 1687 pecunia,
1254 1602 1391 1665 maxima
1412 1623 1467 1688 po-

304 1710 419 1771 testate
442 1710 473 1769 et
487 1705 601 1770 iudicio
617 1727 721 1770 rorum
736 1690 876 1770 omnium
898 1706 1076 1787 mittuntur,
1095 1706 1145 1770 eui
1160 1706 1209 1769 ius
1225 1705 1466 1790 imperatorium,
1536 1704 1539 1709 '

304 1809 388 1894 quod
410 1830 530 1894 semper
552 1809 694 1873 omnibus
716 1809 952 1894 imperatoribus
975 1815 1023 1873 est
1043 1801 1267 1890 conservatum,
1291 1805 1347 1872 soli
1374 1808 1466 1892 eripi-

305 1918 367 1992 tur,
391 1909 420 1974 is
444 1910 596 1995 excipitur
619 1931 710 1992 unvrs,
734 1933 773 1974 ne
787 1910 951 1975 manubias
974 1913 1085 1975 referre
1107 1912 1224 1976 debeat.
1261 1911 1375 1975 Utrum
1397 1917 1466 1973 tan-

305 2014 376 2079 dem
399 2013 455 2100 hoe
483 2012 582 2098 eapite
605 2013 701 2077 honos
723 2015 830 2078 haberi
851 2014 971 2078 homini
993 2036 1033 2078 an
1056 2015 1176 2079 invidia
1198 2015 1303 2101 quaeri
1326 2013 1467 2078 videtur?

302 2104 449 2180 Remittit
469 2114 525 2179 hoc
548 2114 638 2178 Rullo
661 2114 717 2178 Cn.
740 2115 922 2199 Pompeius:
951 2117 1097 2182 beneficio
1121 2119 1181 2184 isto
1203 2118 1296 2201 logie,
1322 2117 1600 2200 benigni-otim]

305 2225 368 2284 tate
391 2217 513 2282 Xvirali
535 2217 615 2281 nihil
638 2218 747 2283 utitur.
792 2219 873 2282 Nam
895 2219 922 2282 si
944 2225 992 2284 est
1014 2242 1148 2304 aequum
1175 2220 1321 2306 praedam
1344 2241 1379 2283 ae
1401 2240 1467 2283 ma-

308 2322 419 2387 nubias
443 2341 516 2386 sues
538 2321 738 2407 imperatores
753 2344 815 2386 non
838 2321 871 2385 in
887 2329 1088 2389 monumenta
1103 2324 1230 2390 deorum
1244 2322 1467 2389 immortalium

391 2504 470 2543 horam
483 2504 526 2543 orie
537 2512 593 2542 aare
606 2503 714 2542 iodicium.
728 2522 754 2534 -
766 2505 933 2552 imperatoribus
946 2507 1029 2546 vestm.
1042 2526 1067 2536 -
1080 2506 1112 2546 60.
1124 2506 1165 2547 Hic
1178 2509 1255 2546 tamea
1350 2540 1354 2546 .

309 2633 383 2703 volgo
406 2626 475 2698 nune
497 2634 611 2700 putatur.
646 2632 856 2699 Repetundarum
879 2634 982 2702 quidem
1005 2635 1121 2704 quaestio
1143 2634 1269 2686 latissime
1291 2635 1364 2704 patet
1381 2635 1408 2685 in
1425 2635 1468 2686 iis-

307 2734 374 2787 que,
391 2718 438 2787 qui
464 2718 609 2787 provincias
637 2722 771 2782 rexerunt,
793 2719 942 2789 plerumque
964 2724 1109 2773 exercetur:
1136 2736 1214 2789 quare
1236 2719 1292 2772 fieri
1313 2722 1413 2788 potest,
1440 2722 1469 2771 ut

306 2807 383 2859 etiam
408 2803 441 2867 de
463 2804 583 2872 peculatu
606 2804 660 2856 sive
684 2803 716 2855 de
740 2806 855 2872 pecuniis
878 2809 987 2860 residuis
1004 2808 1099 2861 iudicio
1117 2807 1315 2876 repetundarum
1332 2808 1470 2874 quaeratur

306 2878 479 2961 exemploque
497 2894 658 2960 potestesse
682 2890 847 2945 celeberrima
869 2893 915 2945 illa
936 2894 1154 2958 cessaveratis,
1177 2909 1243 2963 quae
1266 2908 1324 2945 eum
1341 2891 1421 2944 multa
1439 2906 1469 2943 ac

304 2979 375 3038 varia
389 2979 503 3049 ,erimina
520 2978 743 3046 complecteretur,
762 2995 794 3031 ex
812 2981 906 3048 quibus
930 2980 1054 3033 nonnulla
1076 2980 1145 3033 haud
1168 2980 1244 3033 dubie
1267 2979 1300 3031 ad
1323 2978 1469 3047 peculatum

304 3065 394 3132 potius
414 3080 490 3133 quam
508 3063 542 3115 ad
558 3065 693 3132 pecuniam
712 3065 744 3116 ab
763 3065 841 3117 sociis
859 3069 949 3118 contra
965 3065 1036 3134 leges
1055 3068 1155 3133 captam
1174 3065 1344 3132 pertinerent,
1363 3077 1413 3114 uno
1430 3065 1468 3114 ta·

305 3168 364 3205 men
383 3150 584 3219 'repetundarum
601 3151 696 3203 iudicio
715 3154 774 3204 aeta
792 3155 842 3204 est:
860 3169 937 3221 qrram
955 3167 1013 3204 cum
1033 3153 1230 3218 persequeretur
1248 3149 1347 3210 Cicero,
1365 3148 1468 3216 saepius

303 3238 419 3291 minatus
437 3240 485 3301 est,
503 3253 531 3290 se
548 3237 629 3300 illum,
647 3239 670 3289 si
687 3236 884 3305 repetundarum
904 3235 1095 3299 absolveretur,
1113 3235 1144 3288 de
1162 3235 1283 3304 peculatu
1301 3234 1468 3300 repetiturum

304 3324 343 3388 (in
361 3322 436 3376 Verr.
455 3322 475 3388 I,
492 3325 523 3388 43
540 3323 584 3388 ΠΙ,
602 3324 654 3389 36).
691 3323 743 3376 Gur
760 3324 839 3391 igitur
855 3325 880 3376 h.
894 3323 911 3374 l.
928 3321 1129 3389 repetundarum
1147 3321 1301 3374 mentionem
1318 3319 1374 3371 fieri
1392 3333 1469 3386 posse

304 3408 446 3479 negemus?
481 3408 521 3463 of.
544 3426 623 3478 supra
640 3410 673 3462 ad
690 3412 705 3476 ξ
723 3410 765 3463 34.
792 3438 825 3446 -
853 3410 944 3462 dorora
961 3408 1013 3461 erit
1033 3408 1132 3459 arellam
1153 3407 1286 3459 iudicium.
1327 3404 1469 3472 Exequitur

306 3494 382 3562 paulo
401 3492 527 3563 pluribus,
545 3494 614 3562 quod
631 3494 689 3557 §34
701 3495 733 3548 de
750 3497 878 3563 potestate
896 3495 1007 3547 Xvirum
1026 3493 1138 3545 dixerat:
1158 3493 1189 3544 de
1206 3491 1259 3542 illis
1277 3491 1378 3541 interea
1395 3503 1467 3539 acmo

308 3579 443 3634 iudicabit.
478 3580 568 3650 Itaque
591 3580 682 3632 dorum
704 3584 743 3633 est
760 3581 792 3632 de
810 3579 857 3640 dis,
876 3579 893 3631 i.
911 3593 933 3629 e.
951 3578 1055 3640 Xviris,
1083 3591 1113 3627 ae
1139 3574 1280 3642 genitivum
1298 3587 1350 3623 non
1367 3573 1467 3622 tantum

308 3667 343 3718 rei
360 3668 432 3732 (nam
450 3665 478 3718 id
495 3665 743 3735 frequentissimum,
762 3665 833 3719 velut
851 3665 865 3727 ξ
883 3663 917 3715 54
935 3665 961 3713 et
978 3661 1012 3712 60
1029 3659 1155 3711 iodicium
1173 3657 1285 3709 omnium
1302 3653 1408 3717 rerum),
1426 3670 1467 3707 ve·

309 3768 362 3807 rom
385 3752 466 3805 otiam
488 3752 599 3807 hominis
623 3754 671 3806 hae
693 3752 879 3823 significatione
902 3748 960 3801 voci
981 3745 1070 3797 iudicii
1093 3743 1153 3795 addi
1174 3756 1250 3809 posse
1273 3740 1366 3792 doeent
1388 3740 1469 3792 multa

309 3837 432 3906 exempla,
449 3838 520 3891 volut
537 3839 570 3891 ad
587 3837 641 3893 Act.
656 3839 675 3903 I,
687 3840 727 3903 16,
740 3839 756 3891 9
770 3839 798 3890 ia
815 3837 892 3890 onius
911 3833 1019 3886 bominis
1028 3831 1130 3900 perditi
1146 3829 1243 3881 iudicio
1257 3828 1349 3896 pterea
1361 3827 1467 3880 irrorati.

310 3921 424 3976 Editores
448 3922 551 3990 quidem
569 3922 651 3976 adhuc
668 3940 757 3979 omnes
780 3939 839 3976 eum
856 3920 947 3972 dorma
971 3918 1022 3971 erit
1043 3914 1169 3968 iudicium
1191 3915 1273 3966 active
1295 3913 1468 3982 intelligerent

311 4006 512 4080 diiudicatum,
531 4009 592 4077 quia
608 4010 762 4062 sententiam
774 4024 921 4077 perversam
939 4006 1005 4059 effici
1020 4003 1151 4066 videbant,
1168 4002 1246 4054 verba
1264 4002 1396 4054 haeceine
1414 3998 1467 4052 ullo

312 4089 426 4145 dissensu
443 4091 471 4147 in
484 4091 541 4144 eod.
559 4091 654 4145 tradita
670 4093 740 4145 varie
758 4099 891 4145 vexarunt.
922 4092 985 4145 Cum
1004 4089 1097 4143 acerba
1114 4092 1200 4165 autem
1216 4088 1333 4164 irrisione
1352 4086 1466 4139 aXviris

311 4191 407 4248 quoqne
424 4178 454 4231 in
470 4178 610 4247 provinciis
627 4193 668 4229 res
686 4178 741 4246 geri
759 4177 888 4246 signifieat
905 4174 1089 4240 manubiasque
1106 4188 1195 4225 eorum
1213 4174 1401 4225 commemorat.

392 4265 435 4318 60.
453 4264 533 4327 Hiar,
550 4266 599 4318 ie.
618 4281 650 4317 ex
662 4265 720 4328 hoc,
739 4264 806 4331 quod
823 4267 952 4332 postremo
966 4260 1041 4323 dixit,
1059 4273 1148 4311 omnes
1162 4260 1329 4326 imperatores
1347 4260 1466 4325 oportere

311 4351 429 4418 praedam
453 4353 481 4403 et
502 4351 637 4403 manubias
662 4348 730 4415 apud
752 4348 848 4400 Xviros
871 4344 993 4413 profiteri.
1034 4345 1151 4398 Editores
1177 4343 1280 4412 quidem
1306 4345 1467 4412 seripserunt

310 4440 396 4491 eontm
413 4436 470 4490 eod.
480 4436 657 4489 auctoritatem
667 4435 716 4496 tic,
734 4432 802 4500 quod
814 4434 871 4500 quis
889 4434 1033 4500 vituperet?
1063 4430 1115 4484 Sed
1129 4429 1194 4483 illud
1206 4433 1245 4482 est
1258 4430 1419 4496 exquisitius.
1433 4456 1466 4466 -

311 4538 388 4588 cm.
408 4520 485 4575 ·Non
500 4521 598 4573 minore
616 4535 674 4573 curn
691 4517 852 4570 simulatione
870 4516 964 4572 dieitur
982 4534 1059 4586 quam
1076 4516 1145 4586 quod
1162 4513 1291 4568 antecedit
1308 4530 1383 4581 quern
1395 4521 1467 4567 emet

309 4609 325 4661 i
343 4624 366 4662 a
385 4622 463 4677 quem
479 4609 606 4675 perpetuo
623 4622 652 4661 se
669 4621 754 4660 amare
772 4619 802 4658 ac
818 4604 907 4673 magni
930 4604 1016 4659 facere
1031 4604 1090 4674 lege
1107 4618 1154 4658 sua
1172 4604 1293 4667 testatur,
1316 4616 1364 4655 nec
1380 4599 1465 4655 hercle
