3550 5492
793 601 1008 668 ..69-

310 764 368 832 liis
390 765 547 832 abducant
575 786 652 850 quos
679 766 792 832 velint:
822 765 938 849 singuli
967 765 1005 830 de
1030 765 1176 830 maximis
1204 765 1295 831 rebus
1322 765 1475 832 iudicent:

312 868 473 954 quaestori
494 868 691 953 permittant:
714 868 868 933 finitorem
891 869 1032 934 mittant:
1060 875 1161 934 ratum
1185 871 1241 951 sit,
1270 871 1351 954 quod
1372 871 1477 935 finitor

311 973 373 1038 nni
395 972 454 1054 illi,
476 992 497 1035 a
517 993 578 1057 quo
599 972 712 1037 missus
734 973 809 1054 erit,
832 973 1066 1037 renuntiaverit.
1111 973 1248 1038 Verbum
1275 974 1355 1038 mihi
1381 973 1476 1056 deest,
1486 989 1529 1056 35,
1537 989 1600 1044 XIV

312 1074 471 1156 Quirites,
495 1095 566 1138 curn
588 1095 643 1157 ego
665 1073 744 1138 hanc
766 1080 947 1158 potestatem
969 1076 1086 1158 regiam
1108 1076 1245 1160 appello,
1268 1077 1322 1142 sed
1344 1078 1477 1161 proiectu

311 1179 414 1245 maior
435 1183 483 1244 est
507 1176 668 1263 quaedam.
712 1178 841 1242 Nullum
869 1178 954 1241 enim
976 1198 1107 1260 regnum
1128 1177 1189 1242 fuit
1215 1199 1364 1262 unquam,
1394 1178 1475 1262 quud

312 1302 405 1362 nou,¹
425 1279 453 1345 si
480 1279 585 1344 minus
607 1279 674 1342 iure
696 1279 814 1363 aliquo,
837 1286 870 1344 at
892 1280 1069 1363 regionibus
1098 1286 1203 1345 tanim
1225 1280 1317 1345 certis
1339 1282 1477 1346 contine·

312 1388 413 1447 ratur.
456 1380 522 1446 Hoc
542 1401 615 1446 vero
630 1379 788 1445 inlinitum
810 1387 867 1463 est,
891 1402 951 1466 quo
973 1389 1005 1448 et
1018 1403 1114 1467 regna
1135 1383 1240 1449 omnia
1261 1389 1292 1449 et
1310 1383 1477 1470 imperium

365 1592 369 1598 ·
404 1573 529 1615 reomatis.
543 1591 568 1601 -
581 1571 613 1612 ³5.
626 1581 669 1612 sorr
682 1581 712 1619 se,
724 1573 745 1612 ει·
756 1573 832 1613 rutam.
845 1591 869 1602 -
884 1575 1007 1616 contineret.
1021 1594 1043 1603 ·-
1059 1578 1151 1616 verbam
1164 1576 1283 1626 imperinm.

311 1730 450 1793 iudicium,
468 1728 537 1799 quod
556 1727 588 1781 de
606 1727 796 1797 provinciarum
813 1729 956 1782 rectoribus
978 1731 1145 1784 constitutum
1163 1735 1227 1785 erat.
1263 1731 1301 1786 of.
1318 1732 1387 1786 infra
1404 1736 1418 1800 5
1436 1735 1477 1789 59.

314 1816 385 1883 Quid
399 1819 485 1869 autem
502 1817 544 1869 est
560 1815 592 1867 de
610 1814 726 1867 consiliis
744 1813 893 1867 Murano?
917 1815 1029 1870 Consilia
1047 1821 1107 1871 sunt
1125 1821 1150 1871 et
1168 1819 1264 1872 Romae
1282 1835 1371 1873 eorum
1389 1821 1478 1889 quiin

312 1903 513 1974 quaestionibus
535 1901 667 1970 perpetuis
689 1900 804 1954 iudicant
828 1905 854 1954 et
872 1905 946 1955 extra
962 1904 1071 1956 Romam
1089 1920 1189 1969 corum,
1213 1907 1257 1973 qui
1278 1921 1335 1958 cum
1353 1923 1476 1975 proprae-

313 1989 418 2045 toribus
436 1991 462 2041 et
479 1988 676 2057 proconsulibus
695 1991 764 2041 sunt.
793 1988 832 2041 Ex
851 1989 943 2056 quibus
961 1990 1104 2056 abducitur,
1121 1992 1165 2060 qui
1178 1993 1204 2044 in
1222 1993 1345 2045 iudicium
1363 1993 1395 2045 de
1413 2009 1475 2062 agro

311 2076 429 2146 publico,
447 2089 522 2142 quem
543 2074 684 2142 possideat,
706 2075 852 2128 arcessitur.
899 2075 987 2144 Neque
1006 2077 1087 2142 euim,
1106 2079 1129 2131 si
1152 2082 1225 2130 tanta
1241 2078 1331 2132 Xuiris
1358 2081 1474 2148 potestas

289 2163 433 2235 paretur,
459 2160 593 2229 quisquam
616 2174 649 2212 ex
670 2160 862 2228 magistratibus
884 2164 929 2213 aut
946 2177 978 2214 ex
998 2162 1127 2217 iudicibus
1150 2167 1253 2232 poterat
1275 2165 1374 2233 excipi,
1400 2180 1477 2232 quem

312 2265 376 2314 non,
393 2249 418 2301 si
431 2263 522 2318 agrum
533 2246 664 2316 publicum
676 2246 829 2314 possideret,
848 2247 977 2315 appellare
996 2251 1072 2317 atque
1090 2250 1117 2301 in
1128 2249 1251 2302 iudicium
1268 2265 1359 2304 uocare
1377 2251 1474 2304 liceret.

312 2336 361 2390 Sic
377 2333 458 2404 igitur
474 2334 523 2387 hoc
540 2332 663 2402 explicari
674 2336 774 2402 potest3
792 2333 839 2386 sed
856 2334 934 2386 etiam
951 2333 1000 2387 hoc
1013 2335 1126 2404 cogitare
1144 2336 1212 2400 licet,
1230 2338 1295 2389 tanti
1313 2339 1403 2391 habita
1420 2353 1477 2392 esse

312 2422 428 2477 Xrirum
444 2420 548 2485 iudicia,
566 2423 595 2473 ut
611 2421 643 2473 iis
661 2422 853 2489 permitteretur
870 2421 902 2473 de
920 2421 1034 2475 consiliis
1052 2426 1194 2477 ceterorum
1217 2425 1413 2492 magistratuum
1432 2439 1476 2477 eos

314 2507 460 2572 abducere,
482 2521 546 2576 qnos
569 2507 621 2574 ipsi
639 2507 665 2559 in
688 2507 823 2560 consilium
847 2507 967 2561 adhibere
986 2509 1089 2563 vellent.
1125 2509 1249 2564 Similiter
1266 2513 1334 2563 certe
1352 2511 1379 2563 in
1397 2509 1478 2563 Seou-

313 2595 387 2650 sulto
404 2595 499 2664 legitur
516 2592 586 2662 apud
604 2593 656 2647 Cic.
675 2594 708 2646 ad
725 2595 780 2647 stt.
799 2593 870 2659 VHI,
889 2594 919 2659 8,
937 2597 962 2648 5.
999 2595 1119 2650 Turnebo
1137 2612 1211 2662 vero,
1229 2598 1273 2666 qui
1291 2611 1349 2650 reos
1368 2597 1399 2649 de
1417 2612 1477 2649 con·

311 2681 381 2735 siliis
398 2672 525 2734 abductos
542 2695 600 2732 esse
616 2680 812 2747 interpretatur,
831 2696 882 2731 non
897 2679 987 2744 oredo;
1004 2682 1061 2749 quis
1074 2683 1142 2734 enim
1153 2697 1211 2735 reos
1228 2683 1256 2734 in
1269 2681 1384 2735 consiliis
1396 2681 1477 2735 fuisse
1524 2704 1527 2708 ·

311 2767 404 2821 dicat?
440 2766 506 2821 Tum
523 2764 592 2835 quod
609 2766 646 2817 ait
664 2765 763 2834 singuli
780 2792 813 2803 -
832 2766 955 2828 iudicent,
974 2767 1027 2818 noli
1043 2768 1093 2819 huc
1110 2768 1216 2831 referre,
1240 2768 1307 2836 quod
1325 2767 1400 2821 Xuiri
1420 2769 1477 2821 sine

313 2851 427 2907 coneilio
445 2850 576 2921 potuerint
591 2850 720 2916 iudicare,
739 2867 805 2918 quae
822 2851 936 2904 eiusdem
954 2852 1004 2903 luit
1021 2852 1135 2905 Turnebi
1152 2856 1178 2905 ct
1196 2853 1228 2905 ab
1246 2853 1333 2906 verbis
1351 2853 1435 2905 aliena
1451 2857 1478 2905 et

313 2955 375 3011 enm
393 2953 463 2996 more
481 2937 630 3005 discrepans
649 2937 790 3000 sententia,
809 2937 855 2989 sed
872 2937 933 2990 illuc
951 2938 1051 3005 potius,
1068 2942 1098 2991 ut
1115 2939 1211 3005 singuli
1228 2955 1261 2992 ex
1279 2939 1369 2992 Xviris
1387 2942 1478 3007 potue·

310 3025 368 3079 rint
383 3023 507 3078 iudicare.
542 3023 602 3077 Nun
618 3024 657 3076 ita
673 3024 829 3088 iudicabant,
847 3027 876 3076 ut
888 3024 957 3092 quod
966 3025 1082 3093 pluribus
1100 3041 1133 3078 ex
1145 3041 1192 3078 suo
1204 3041 1309 3079 numero
1329 3026 1478 3092 placuisset,

310 3117 400 3175 ratum
416 3114 494 3175 esset,
512 3110 558 3163 sed
575 3111 670 3178 partito
694 3112 761 3163 inter
778 3126 807 3164 se
823 3111 931 3178 imperio
950 3112 1065 3165 Romano
1088 3111 1184 3180 singuli
1202 3112 1233 3164 de
1251 3127 1364 3180 eaquae
1382 3112 1473 3181 cuique

312 3197 452 3266 obtigisset
474 3197 578 3266 regione
606 3197 762 3251 statuebant.
805 3196 952 3265 Eodemque
974 3198 1096 3266 pertinet,
1122 3198 1190 3266 quod
1213 3198 1290 3267 paulo
1312 3200 1372 3267 post
1389 3197 1477 3251 finitor

312 3283 411 3337 dicitnr
428 3281 541 3345 catilli,
559 3298 576 3332 a
594 3299 644 3350 quo
661 3282 754 3334 missos
772 3289 817 3345 est,
836 3283 994 3336 renuntiare.
1034 3283 1089 3337 Nec
1113 3285 1190 3338 credo
1208 3284 1328 3337 Turnebo
1352 3285 1421 3353 quod
1439 3300 1477 3337 se·

311 3369 404 3438 quitur
421 3367 554 3436 quaestori
566 3369 763 3437 permittanteo
775 3370 911 3436 pertinere,
930 3369 1083 3438 quodXviri
1096 3373 1227 3439 quaestori
1239 3387 1286 3425 suo
1304 3373 1477 3441 cognitionem
1532 3356 1536 3363 ¹

312 3455 463 3509 detulerint
497 3453 587 3522 Neque
604 3454 672 3507 enim
690 3470 798 3522 usquam
816 3459 965 3523 quaestores
983 3455 1057 3509 datos
1076 3472 1132 3510 esse
1150 3458 1240 3511 Xuiris
1263 3459 1366 3523 scribit,
1389 3459 1435 3512 sed
1453 3458 1477 3510 si

313 3542 379 3613 quid
396 3542 530 3611 publicum
547 3557 605 3594 esse
621 3541 788 3605 iudicassent,
806 3542 833 3594 id
850 3543 877 3594 in
894 3542 1027 3610 publicum
1045 3542 1208 3610 redigebatur
1226 3547 1302 3612 atque
1319 3545 1347 3597 in
1358 3545 1413 3597 eius
1431 3544 1476 3612 qui

311 3629 413 3683 acredo
430 3631 550 3698 praeerat
566 3629 709 3696 quaestoris
727 3630 883 3696 potestatem
902 3629 1028 3681 veniebat.

399 3733 443 3789 35.
460 3733 564 3788 vobem
586 3734 651 3786 milri
667 3733 738 3786 deest
754 3733 772 3786 i.
790 3750 813 3787 e.
830 3735 937 3787 verbum
955 3749 1043 3786 rerum
1068 3750 1097 3787 ac
1115 3734 1256 3802 proprium.
1295 3734 1378 3802 Regni
1395 3733 1475 3802 igitur

309 3822 420 3876 rubum
436 3820 547 3875 Xrirrim
564 3820 688 3888 potestati
705 3834 757 3872 non
776 3820 913 3872 convenire
932 3820 975 3871 ait.
1011 3818 1073 3870 Plus
1093 3818 1163 3882 dicit,
1184 3833 1260 3886 quam
1278 3819 1302 3870 si
1319 3819 1474 3872 scriberetur

310 3907 505 3962 veremundi
526 3924 578 3959 nora
594 3907 676 3969 meet,
703 3920 768 3975 quae
793 3906 939 3958 coniectura
962 3920 1052 3973 parum
1076 3903 1216 3972 probabilis
1234 3903 1284 3957 fuit
1301 3905 1333 3958 H.
1351 3904 1411 3958 Chr.
1429 3906 1470 3958 Fr.

308 3993 452 4048 Gebhardt.
470 3994 526 4046 obs.
544 3994 602 4046 crit.
620 3992 644 4045 il
661 4010 687 4061 p.
706 3992 730 4045 5.
748 4018 783 4030 -
800 3992 825 4044 si
842 3992 926 4043 rnr‘nas
947 3991 1005 4044 iure
1022 3991 1118 4056 aliquo.
1150 3989 1227 4042 ·Nam
1249 3991 1319 4057 apud
1335 3991 1472 4059 plerosque

308 4079 422 4149 pupulos
439 4079 467 4133 in
484 4080 639 4148 antiquitate
657 4080 729 4146 regia
745 4082 861 4147 potestas
880 4077 950 4130 nullo
968 4079 1023 4130 iure
1040 4078 1058 4129 i.
1076 4091 1098 4128 e.
1116 4075 1196 4128 nullis
1213 4075 1322 4144 legibus,
1344 4077 1414 4130 nullo
1432 4092 1471 4129 se-

307 4171 374 4221 natu
391 4166 503 4220 similive
519 4166 644 4218 nobilium
654 4165 761 4217 consilio
781 4165 955 4225 coercebatur,
974 4178 1038 4232 quae
1050 4165 1137 4215 tamen
1152 4164 1268 4229 potestas
1285 4163 1368 4230 ipsius
1381 4163 1470 4231 populi

303 4253 403 4306 tinibus
420 4253 608 4306 cremebatur.
635 4253 671 4304 At
679 4251 769 4304 Xviris
779 4253 848 4315 (narn
867 4251 913 4302 boc
931 4251 947 4302 i.
958 4264 980 4301 e.
999 4248 1071 4316 quasi
1083 4248 1195 4300 Xrirum
1212 4263 1320 4316 regnum
1338 4247 1468 4313 infinitum

308 4356 369 4395 esse
388 4341 435 4404 ait)
453 4340 573 4410 quoniam
592 4348 643 4390 n'on
661 4332 760 4390 tantum
778 4347 843 4404 quae
862 4336 966 4404 publica
983 4351 1045 4404 pop.
1062 4335 1172 4387 Romani
1190 4349 1246 4387 esse
1265 4334 1410 4397 constabat,
1427 4350 1469 4386 ue·

306 4442 367 4480 rum
384 4426 462 4478 etiam
480 4427 603 4494 cognitio,
622 4428 707 4477 utrum
726 4424 787 4488 quid
805 4427 875 4476 esset
892 4422 1023 4490 publicum
1041 4437 1121 4474 necne
1139 4421 1234 4474 tradita
1250 4423 1314 4483 erat,
1331 4419 1426 4473 licebat
1442 4425 1486 4474 et·

303 4527 390 4581 regua
407 4512 502 4574 omnia,
520 4528 585 4580 quae
597 4511 647 4565 etsi
664 4512 822 4573 constarent,
839 4509 964 4561 tamenin
983 4509 1121 4561 amicitiam
1138 4511 1241 4575 recepta
1256 4522 1289 4559 ex
1300 4506 1395 4560 iudicio
1407 4522 1466 4575 pop.

306 4598 383 4651 Rom.
405 4596 552 4665 pendebant
569 4598 690 4662 (maxime
715 4599 799 4648 autem
816 4595 965 4664 Bithyniam
983 4599 1010 4648 et
1026 4594 1173 4663 Aegyptum
1191 4592 1263 4655 dicit)
1280 4593 1423 4646 conuellere
1441 4598 1467 4646 ct

303 4684 404 4739 liberos
421 4683 541 4752 populus,
559 4685 603 4752 qui
618 4684 688 4738 intra
704 4681 841 4750 imperium
858 4683 1003 4739 sommum
1026 4681 1079 4736 suis
1097 4679 1197 4749 legibus
1216 4678 1336 4734 virebant
1358 4693 1406 4733 nec
1421 4679 1466 4732 tri·
