3550 5492
768 577 1003 642 —214-

305 744 418 812 compito
435 757 500 811 quae
518 742 571 793 siut
588 741 613 794 7.
900 741 1017 795 custodes
1035 743 1063 794 in
1080 739 1209 808 suffragiis
1227 743 1255 793 et
1275 742 1411 795 sortitione
1426 743 1462 797 51.

305 843 462 897 concrepare
479 830 505 878 41
523 827 660 895 increpare
680 825 759 879 124·
901 827 1046 895 Cyrenense
1063 843 1170 895 reguum
1188 829 1214 880 et
1233 827 1289 896 agri
1307 827 1349 881 89.

305 915 414 969 condere
431 913 565 981 pecuniam
584 913 641 966 110.

304 1000 450 1053 cordonare
461 998 504 1051 42.
520 999 561 1053 83.
901 999 966 1053 dure
983 1013 1011 1051 se
1028 999 1056 1051 in
1073 998 1169 1065 aliquid
1186 997 1228 1052 39.
1247 998 1313 1052 dure
1330 999 1364 1052 ad
1381 1004 1465 1068 partes

305 1086 458 1152 constrepere
474 1088 501 1138 et
518 1084 644 1138 affirmare
661 1085 704 1137 41.
936 1085 1042 1138 41144144
1059 1084 1103 1138 48.
1120 1085 1184 1138 dore
1203 1086 1270 1154 depes
1288 1085 1330 1140 90.
1351 1087 1410 1140 102.

306 1171 424 1238 confirmi
439 1174 466 1224 et
482 1170 596 1239 profiteri
607 1170 664 1225 159.
902 1170 1005 1224 dativus
1023 1171 1065 1224 rel
1081 1171 1191 1224 omissus
1209 1171 1250 1225 vel
1263 1170 1368 1225 additus
1387 1173 1412 1225 7.
1429 1174 1465 1227 12.

306 1258 468 1326 conformare
485 1257 567 1311 oculis
587 1255 645 1310 167.
937 1258 977 1311 16.
995 1257 1147 1311 insolentius
1175 1273 1233 1311 cum
1251 1259 1408 1313 attractione
1425 1276 1467 1328 po·

306 1345 482 1398 coniunctirus
503 1343 653 1397 insolentior
678 1343 736 1397 103.
762 1342 818 1397 105.
845 1346 872 1396 41
936 1343 1001 1396 situs
1019 1343 1061 1397 33.

339 1431 493 1484 indicativus
512 1431 569 1483 142.
902 1429 1014 1484 (14111444
1037 1436 1076 1482 441
1096 1430 1250 1498 praeteritae
1270 1429 1466 1499 significationis

305 1518 441 1571 connivere
459 1532 519 1586 opp.
536 1515 644 1584 vigilare
660 1511 718 1569 117.
913 1540 916 1545 ·
937 1516 980 1571 26.

306 1605 430 1672 conqueri
447 1619 505 1656 cum
522 1601 643 1654 adverbio
663 1601 703 1655 18.
902 1602 1041 1656 decemuiri
1058 1601 1185 1672 quomodo
1203 1601 1333 1657 scribendi
1357 1603 1412 1656 sint
1426 1603 1466 1656 44.

306 1690 451 1743 consentire
469 1689 500 1742 de
518 1705 546 1743 re
564 1689 633 1741 bona
649 1687 692 1741 22.
902 1690 1036 1744 decertare
1054 1692 1080 1742 41
1096 1691 1194 1742 4441444
1212 1689 1254 1742 90.

305 1775 441 1830 consilium
459 1777 654 1846 magistratuum
672 1771 714 1828 67.
733 1775 774 1828 60.
795 1776 872 1829 eliam
903 1777 1052 1831 decuriones
1064 1791 1117 1829 non
1129 1775 1292 1844 appellantur
1309 1778 1399 1844 patres
1411 1791 1468 1830 con-

341 1861 542 1931 municipalinm
553 1862 609 1915 140.
635 1861 768 1915 consilium
790 1861 873 1931 publi·
937 1864 1027 1932 scripti
1039 1862 1096 1916 140.
1116 1863 1216 1915 centum
1234 1864 1356 1915 creantur
1371 1863 1400 1916 in
1416 1878 1468 1917 nru-

341 1964 399 2001 cum
416 1949 478 2018 quid
495 1950 530 2003 sit
549 1948 606 2002 131.
936 1950 1039 2018 nicipiis
1049 1949 1106 2002 144.

307 2036 446 2090 coesiatere
463 2037 490 2088 in
503 2036 588 2104 aliqua
605 2049 633 2087 re
653 2034 710 2089 153.
903 2037 1027 2090 deducere
1046 2036 1133 2104 aliquo
1152 2035 1206 2088 loco
1219 2034 1236 2088 i.
1249 2050 1271 2088 4.
1284 2033 1316 2088 (14
1334 2035 1395 2104 aliq.
1413 2035 1465 2088 loco

307 2123 460 2192 conspirare
479 2122 510 2175 de
528 2137 556 2174 re
573 2122 642 2174 bona
660 2121 702 2174 22.
938 2123 996 2176 106.

309 2214 457 2259 commotu
475 2207 585 2276 pecunia
605 2207 645 2260 12.
901 2209 1002 2279 deseme
1019 2211 1046 2261 41
1062 2207 1161 2276 referre
1180 2207 1293 2261 12100.
1312 2207 1465 2262 (1414444441

310 2294 443 2346 consulere
460 2297 488 2346 41
505 2294 650 2348 consultare
662 2293 720 2346 131.
936 2295 1080 2349 accusantis
1099 2294 1157 2348 156.

310 2379 442 2432 consulum
471 2396 529 2433 ann.
557 2379 658 2433 82-71
686 2378 730 2446 qui
757 2393 824 2431 anno
843 2378 875 2432 63
902 2383 1013 2436 deiicere
1030 2394 1193 2450 possessores
1205 2380 1262 2434 164.

341 2466 455 2518 vixerint
482 2466 524 2520 72.
555 2465 671 2520 consules
708 2464 876 2532 municipales
903 2468 1072 2522 deliberatum
1087 2469 1114 2519 ot
1131 2466 1298 2519 constitutum
1315 2467 1358 2520 21.

343 2550 428 2604 nullos
445 2551 525 2605 fuisse
545 2551 602 2606 138.
903 2554 1012 2608 deliciae
1030 2569 1095 2622 quae
1112 2553 1165 2606 sint
1182 2552 1223 2606 23.

309 2639 503 2691 consumerem
520 2639 610 2706 aliquo
627 2653 669 2701 re,
695 2651 747 2690 444
773 2636 802 2688 io
827 2638 876 2690 uli·
902 2642 1036 2694 demovere
1053 2643 1082 2692 et
1097 2639 1226 2691 dimovere
1245 2636 1303 2692 123.
1323 2638 1382 2693 168.

343 2741 420 2792 quom
437 2740 491 2778 rem
510 2725 567 2779 100.
902 2727 1048 2782 deminuere
1066 2728 1093 2778 41
1110 2725 1253 2778 diminuere
1272 2724 1314 2777 17.
1331 2725 1376 2779 43.

310 2811 667 2880 444144414446144144141.
902 2813 1056 2867 denuntiare
1073 2813 1090 2865 i.
1109 2827 1131 2864 4.
1152 2826 1209 2864 cum
1231 2811 1361 2878 444νί1414
1386 2809 1463 2864 dicero

311 2897 464 2952 continuare
482 2913 572 2967 agrum
589 2897 650 2967 quid
668 2895 704 2949 sit
722 2896 780 2949 118.
938 2899 995 2953 141.

309 2985 453 3037 contionem
471 2986 514 3053 qui
532 2984 697 3053 magistratus
708 2982 821 3036 habeant
832 2982 875 3037 25.
902 2985 1057 3055 deponentia
1074 2984 1158 3037 active
1176 2982 1245 3036 dicta
1260 2981 1303 3036 98.
1323 2983 1382 3037 167.

343 3086 408 3138 quae
426 3071 548 3139 cuiusque
563 3069 706 3139 appelletur
718 3069 802 3121 contio
817 3069 874 3122 157.
902 3071 1041 3142 deprecari
1050 3069 1108 3124 150.

310 3163 402 3210 444144
414 3157 546 3225 disputare
559 3157 600 3210 75.
618 3162 710 3209 moire
720 3158 806 3225 pet-ere
818 3155 875 3211 138.
903 3158 1046 3213 describere
1064 3157 1161 3226 aliquid
1177 3158 1205 3211 iu
1227 3155 1343 3209 homines
1368 3154 1409 3207 vel
1424 3153 1462 3206 ho

310 3259 434 3296 conversa
451 3243 521 3295 ratio
540 3242 597 3296 108.
936 3245 1018 3298 mines
1036 3245 1063 3297 in
1081 3243 1177 3312 aliquid
1196 3243 1254 3296 120.

310 3344 452 3382 conuocare
468 3329 625 3381 iuvocare
643 3345 701 3382 cum
720 3331 806 3400 aliquo
817 3332 874 3387 168.
902 3332 987 3385 dicere
997 3330 1101 3385 etdicio
1111 3330 1214 3398 proprie
1226 3329 1257 3382 de
1266 3327 1464 3397 magistratuli.

310 3423 399 3470 'corum
417 3416 501 3470 dicere
519 3417 545 3467 41
563 3413 695 3483 disputare
714 3417 772 3470 118.
791 3418 849 3471 156.
902 3417 958 3471 dies
975 3424 1001 3471 et
1016 3423 1103 3470 meter
1121 3419 1147 3468 et
1164 3420 1253 3468 contra
1270 3416 1314 3470 32.

310 3502 456 3567 Corinthus,
473 3501 696 3571 impediremur,
715 3502 799 3555 deleta
818 3503 875 3557 129.
902 3504 935 3556 ad
952 3504 1020 3557 diem
1037 3503 1079 3556 29.
1100 3502 1155 3555 dies
1178 3509 1314 3569 noctesque
1332 3517 1385 3555 nou
1403 3500 1484 3554 diem·

308 3590 419 3644 Faustus
437 3588 570 3643 Cornelius
589 3587 661 3642 Sulla
678 3589 811 3657 peculatus
829 3591 876 3642 cri·
937 3596 1085 3658 noctemque
1105 3588 1163 3642 109.
1181 3589 1237 3641 dice
1254 3588 1315 3641 iem.
1333 3601 1393 3656 gen.
1412 3584 1465 3640 155.

343 3677 412 3730 mine
430 3678 564 3730 accusatus
582 3675 622 3729 11.
632 3675 661 3730 L.
671 3675 757 3729 Sullae
770 3676 877 3729 audacia
902 3677 1017 3745 dipoitas
1036 3678 1141 3729 senatus
1158 3675 1265 3743 propria
1283 3673 1324 3728 15.
1344 3673 1385 3726 19.

344 3762 876 3832 1444444414144445441444414401494.
902 3763 1027 3832 diierpiri
1047 3761 1127 3816 semel
1150 3753 1218 3829 apud
1237 3758 1389 3814 Ciceronem
1408 3758 1466 3827 legi-

345 3849 459 3918 Capuam
472 3848 575 3902 deducit
586 3849 644 3903 133.
655 3849 754 3902 Sullani
772 3851 877 3918 tyranni
936 3854 979 3903 tur
999 3849 1056 3904 123.

346 3934 404 3989 157.
903 3936 1013 4005 diliperu
1030 3937 1049 3988 i.
1066 3950 1088 3988 4.
1108 3950 1202 4004 pareus
1219 3934 1262 3987 00.

310 4022 472 4076 coronarium
500 4038 589 4076 aurum
606 4023 671 4090 reip.
689 4025 741 4086 est,
761 4036 814 4074 non
830 4023 876 4075 im·
903 4023 1060 4092 disceptator
1077 4022 1094 4075 i.
1104 4038 1129 4090 q.
1144 4020 1240 4073 arbiter
1257 4019 1298 4073 20.
1313 4018 1466 4089 disceptatio

343 4109 471 4180 peratoris
491 4109 547 4162 100.
938 4109 980 4163 96.
999 4108 1057 4162 156.

311 4213 400 4251 creare
416 4197 433 4250 i.
449 4211 471 4248 4.
490 4194 600 4248 creando
618 4209 739 4262 praeesse
756 4196 799 4250 43.
818 4191 876 4248 137.
904 4194 1043 4248 discidium
1059 4193 1101 4247 42.

311 4283 435 4336 criminor
452 4298 504 4336 444
522 4280 573 4334 (1141
589 4281 692 4349 passive
712 4282 768 4335 167.
904 4281 1045 4351 disciplina
1062 4283 1088 4332 et
1099 4279 1256 4348 disciplinae
1273 4279 1315 4332 26.
1334 4280 1468 4350 disciplina

311 4387 369 4424 cum
386 4396 420 4406 —
438 4386 496 4423 cum
513 4398 547 4408 -
566 4375 619 4420 urm
631 4367 655 4420 8.
675 4385 732 4421 cum
748 4368 775 4420 in
788 4367 877 4420 eadem
938 4365 1095 4436 reipublicae
1113 4368 1139 4418 41
1156 4365 1270 4418 civitatis
1290 4366 1348 4425 182.

345 4456 589 4525 sententiaprimum
600 4454 773 4520 indicativum,
786 4453 877 4507 deinde
904 4455 1003 4508 discors
1021 4452 1091 4523 apud
1109 4451 1162 4506 Cic.
1180 4468 1232 4505 non
1249 4453 1377 4520 reperitur
1397 4452 1452 4507 138.

346 4540 412 4596 coni.
430 4541 509 4595 habet
528 4543 585 4596 104.
904 4541 1042 4594 discrimen
1050 4539 1129 4593 meris
1139 4538 1285 4608 appellatur
1293 4537 1467 4592 1415444130.

312 4629 483 4684 Cumanorum
499 4629 661 4696 praediorum
680 4631 798 4697 sumptus
820 4627 877 4684 118.
903 4626 1053 4696 disperdere
1069 4641 1156 4680 rarum
1177 4624 1248 4694 epod
1265 4623 1417 4679 Ciceronem
1434 4624 1456 4678 2.

313 4717 342 4769 m
359 4714 488 4770 cumolm
505 4714 627 4770 accedere
645 4716 704 4771 103.
904 4713 1032 4786 disperire
1048 4728 1101 4768 nou
1117 4715 1159 4767 eet
1175 4711 1377 4771 Ciceronianum·
1390 4710 1447 4769 121.
