3550 5492
800 611 1013 686 -857-

317 775 428 840 deesse
449 796 513 840 non
540 775 663 856 debeat,
692 774 745 837 sed
766 773 872 860 plane,
901 774 991 859 quasi
1017 796 1054 838 ea
1074 794 1123 839 res
1151 776 1239 840 nobis
1262 775 1357 841 saluti
1379 779 1484 842 lutura

318 880 381 962 sit,
404 879 449 943 ita
470 878 552 963 cogit
572 883 664 962 atque
685 875 831 962 imperat,
854 883 891 942 ut
911 877 1000 942 Xuiri
1028 883 1132 943 vestra
1158 880 1322 964 vectigalia
1348 881 1486 946 vendant

319 983 520 1049 nominatim.
557 983 657 1059 Quam
678 987 711 1045 tu
734 982 812 1047 mihi
834 1004 872 1046 ex
894 981 1002 1047 ordine
1024 983 1119 1047 recita
1140 984 1177 1046 de
1197 983 1275 1067 legis
1296 984 1408 1069 scripto
1429 994 1528 1071 po-48

318 1089 391 1175 puli
412 1087 544 1154 Romani
558 1085 748 1150 auctionem:
770 1106 864 1169 quarn
886 1086 1059 1152 mehercule
1073 1109 1129 1171 ego
1150 1086 1223 1152 huic
1242 1088 1342 1174 ipsam
1363 1089 1484 1154 luctuo-

318 1214 391 1259 sam
419 1197 450 1258 et
477 1191 617 1257 acerbam
645 1189 905 1275 praedicationem
932 1192 1069 1256 futuram
1096 1197 1180 1277 puto.
1210 1230 1251 1239 -
1284 1191 1328 1256 Ut
1355 1191 1389 1256 in
1417 1194 1483 1257 suis

318 1296 423 1376 rebus,
444 1294 491 1361 ita
511 1295 545 1360 in
567 1315 600 1359 re
621 1292 746 1378 publica
765 1293 942 1358 luxuriosus
957 1313 1061 1379 nepos,
1083 1293 1138 1378 qui
1152 1293 1239 1378 prius
1253 1291 1347 1357 silvas
1369 1294 1484 1359 vendat

318 1414 417 1487 quam
431 1394 566 1482 uinea,
599 1397 721 1462 ltaliam
748 1399 932 1483 percensuit.
969 1397 1076 1480 -Perge
1102 1396 1138 1461 in
1159 1395 1308 1461 Siciliam.
1331 1434 1373 1444 -
1395 1397 1483 1461 Nihil

361 1520 363 1525 ’
382 1570 388 1581 ,
402 1531 441 1577 ss.
454 1499 491 1570 rea
503 1522 560 1569 edua
572 1530 644 1568 rehu.
663 1499 689 1559 .-
707 1529 740 1588 48ἶ
754 1539 792 1577 eqo
803 1499 909 1579 praecurre·
921 1520 971 1568 rure
982 1529 1031 1576 ipss.
1049 1547 1074 1559 -
1091 1500 1215 1566 trasariorua
1228 1529 1260 1566 est
1275 1535 1346 1576 nepos.
1359 1545 1385 1556 -
1402 1527 1481 1566 cineas.

316 1600 577 1651 &summuta-
587 1598 808 1649 peraetnsie'r'ta'ena
893 1602 895 1607 '
1147 1604 1150 1609 ·

318 1714 348 1766 p.
360 1695 426 1763 471,
440 1694 485 1763 qui
502 1697 601 1759 monet,
619 1697 648 1747 ut
661 1695 743 1764 piene
761 1694 837 1761 quasi
853 1695 1002 1763 coniungas,
1023 1709 1075 1748 non
1094 1696 1174 1763 plone
1198 1694 1236 1745 ito
1257 1692 1327 1761 cogit
1348 1692 1482 1744 cohaerere

317 1783 462 1836 existimes.
497 1776 708 1850 coniungendum
726 1776 792 1834 enim
807 1783 888 1851 plene
906 1798 962 1834 curn
980 1798 1011 1834 ea
1028 1778 1155 1850 particula
1173 1777 1386 1843 demonstrativa,
1404 1793 1480 1845 quam

318 1871 382 1920 aute
399 1866 477 1935 quusi
493 1867 648 1935 cogitatione
666 1869 734 1919 certe
752 1866 905 1934 praecedere
923 1869 1036 1934 oportet:
1064 1881 1129 1934 quae
1151 1881 1208 1917 cum
1226 1864 1271 1916 illo
1291 1863 1349 1917 loco
1366 1865 1481 1916 taceatur

317 1954 544 2022 memoraturque
561 1953 684 2007 relativae
702 1955 853 2018 mutentiae,
871 1947 1071 2007 connectendum
1089 1945 1138 2005 erit
1151 1945 1231 2021 plene
1250 1951 1296 2003 ite.
1326 1949 1480 2018 Scripsimus

318 2040 408 2092 autem
426 2034 499 2089 nobie
515 2038 597 2090 saluti
606 2037 704 2106 futuru
721 2039 756 2090 ait
772 2055 805 2091 ex
823 2038 939 2092 codicum
957 2041 1102 2092 nostrorum
1119 2051 1260 2100 consensu;
1278 2035 1390 2105 alioquin
1402 2037 1480 2089 etiam

318 2119 393 2177 vedis
410 2121 437 2174 b.
454 2121 472 2174 l.
490 2121 550 2174 ferri
567 2120 665 2189 posset
700 2121 738 2174 Οἱ.
757 2121 790 2173 ad
806 2122 874 2186 545.
893 2151 926 2159 -
949 2122 1101 2174 raominotim
1119 2122 1246 2189 coniunge
1263 2135 1321 2171 cum
1338 2121 1416 2172 rerbo
1434 2120 1481 2173 un·

315 2214 406 2279 perot,
423 2208 440 2260 i.
452 2194 588 2276 asirig'ula
605 2209 756 2262 nominatim
773 2213 888 2262 recenset
899 2211 1028 2278 imperans
1046 2214 1076 2262 ut
1092 2211 1211 2272 veneant,
1228 2207 1305 2275 idque
1323 2206 1356 2258 ad
1374 2206 1481 2275 diligen-

317 2294 385 2347 tiarrr
402 2292 505 2346 Servilii
524 2293 661 2346 notandam
679 2295 706 2346 in
723 2295 792 2346 exitu
810 2294 953 2347 sententiae
969 2295 1063 2362 posuit

407 2376 450 2432 48.
468 2377 500 2430 de
518 2376 582 2445 lepis
604 2377 709 2446 scripto.
737 2377 866 2446 Scriptum
890 2394 937 2446 pro
955 2380 1116 2432 substantivo
1137 2383 1185 2442 est,
1209 2394 1300 2448 graece
1318 2376 1480 2449 σύγγραμμα,

319 2463 486 2532 serrpmque'
504 2461 598 2513 rectius
627 2462 802 2530 appellantur,
829 2479 894 2532 quae
920 2479 967 2516 nos
994 2464 1078 2515 minus
1103 2464 1234 2532 eleganter
1257 2462 1341 2515 dicere
1367 2464 1478 2517 solemus

317 2547 464 2619 scriptoris·
482 2551 570 2614 opera
602 2544 641 2599 Gi.
659 2562 684 2614 p.
697 2546 786 2599 Plane.
804 2546 850 2611 30,
874 2549 908 2600 74
929 2548 1063 2601 Recitator
1088 2549 1190 2611 oratio,
1216 2564 1282 2616 quoe
1303 2555 1415 2619 propter
1439 2549 1481 2602 rei

317 2631 524 2701 magnitudinem
550 2631 623 2684 dicta
649 2633 681 2685 de
703 2633 801 2702 scripto
820 2640 869 2697 est,·
888 2635 921 2686 ad
938 2635 991 2687 Art
1009 2634 1059 2698 IV,
1078 2635 1143 2698 3‚3
1166 2636 1305 2696 senmutiu,
1331 2651 1408 2701 qua-in
1437 2634 1479 2687 ide

317 2716 351 2771 de
377 2716 476 2786 senpto
502 2717 619 2780 dicerem
646 2717 717 2771 Brut
743 2718 786 2782 12,
809 2719 843 2770 46
866 2726 989 2771 accurate
1018 2726 1103 2771 tumen
1124 2726 1151 2771 et
1172 2719 1203 2770 de
1225 2719 1323 2786 scripte
1341 2721 1479 2788 plerosque

315 2800 418 2866 dicem
444 2803 519 2870 epist
542 2802 582 2866 X,
601 2801 634 2855 13
652 2802 704 2856 SC.
726 2804 766 2855 itu
792 2811 831 2856 est
849 2804 1037 2873 perscriptum,
1063 2812 1093 2856 ut
1116 2822 1133 2856 u
1157 2820 1196 2856 nee
1223 2804 1254 2856 de
1282 2806 1379 2873 scripto
1406 2805 1478 2857 dictu

315 2888 446 2943 ananan
471 2896 521 2952 est3
547 2888 614 2940 Phil.
628 2890 668 2953 X,
688 2891 750 2954 2,5
773 2890 812 2941 itu
839 2891 907 2942 enirn
932 2891 1025 2942 dixisti
1050 2897 1075 2942 et
1100 2889 1202 2956 quidem
1227 2888 1259 2939 de
1285 2889 1390 2957 scripto.
1428 2891 1478 2943 Re-

315 2976 398 3028 citare
416 2977 501 3027 autem
521 2973 549 3025 in
566 2973 685 3026 contione
702 2974 725 3026 si
748 2974 809 3041 quid
826 2989 892 3040 opus
914 2977 985 3028 esset
1001 2989 1153 3042 praeconem
1176 2973 1340 3025 consuevisse
1362 2976 1476 3037 coustat;

315 3055 370 3114 sed'
381 3075 442 3113 num
459 3063 710 3128 proptereanecesse
728 3064 768 3112 cst
785 3076 877 3112 nomen
896 3062 950 3113 eius
969 3061 1029 3113 addi
1040 3061 1168 3130 scribique
1175 3059 1306 3129 praeconi
1322 3058 1391 3120 duic,
1408 3059 1477 3127 quod

314 3149 420 3214 praeter
436 3160 515 3198 unum
534 3145 596 3213 Lag.
614 3146 630 3197 9
648 3161 737 3198 omnes
755 3146 857 3198 codices
874 3147 986 3200 habent?
1022 3147 1080 3200 Non
1098 3147 1211 3220 ridetur3
1230 3145 1311 3215 digito
1329 3148 1415 3199 orator
1431 3146 1477 3198 bo·

314 3232 412 3285 minem
436 3232 621 3284 commonstrat
643 3247 673 3282 ac
695 3232 845 3298 pronomine
863 3233 920 3300 ipso
944 3234 1007 3285 satis
1031 3232 1162 3301 designat:
1182 3233 1317 3300 praeconis
1341 3247 1429 3286 rocem
1446 3232 1476 3285 li·

303 3316 417 3375 ¹brarius
441 3316 533 3395 aliquis
555 3316 740 3383 interpretandi
762 3332 841 3370 causa
866 3317 968 3371 adiecit.
1008 3319 1060 3372 Sed
1082 3321 1109 3372 in
1132 3335 1162 3372 eo
1185 3318 1296 3372 editores
1323 3320 1356 3372 ab
1373 3319 1475 3372 luntino

312 3402 446 3472 plerique,
465 3403 621 3455 recentiores
647 3403 749 3470 quidem
776 3420 864 3457 omnes
890 3407 959 3467 (narn
986 3407 1161 3459 inconstanter
1187 3422 1248 3460 sane
1266 3408 1383 3461 Klotzius
1406 3407 1474 3476 quod

311 3504 382 3541 anno
402 3486 468 3542 1837
485 3490 512 3541 in
530 3489 616 3556 priore
633 3488 745 3542 editione
763 3491 911 3558 scripserat,
930 3494 1039 3544 mutavit
1056 3493 1083 3545 in
1100 3492 1192 3557 altera)
1210 3494 1363 3546 eerrtemiam
1388 3508 1475 3546 corru-

309 3576 415 3645 perunt,
431 3572 500 3643 quod
518 3577 606 3627 eorrtm
618 3576 730 3628 omniurn
743 3577 860 3629 codicum
870 3592 1024 3631 consensum
1033 3580 1193 3647 scripserunt
1208 3578 1268 3630 truie
1286 3578 1339 3646 apsi
1349 3593 1401 3629 non
1412 3576 1473 3629 tuic

310 3660 399 3729 ipsum
424 3661 567 3714 luctuosam
592 3690 625 3698 —
640 3663 864 3730 praedicationem
883 3663 1001 3727 suturam
1019 3673 1093 3734 puto.
1136 3664 1203 3717 Nam
1221 3662 1397 3732 praedicatio,
1414 3663 1433 3713 i.
1450 3677 1472 3713 e.

310 3746 431 3799 recitatio
449 3747 629 3815 (notabilisque
652 3763 683 3798 ea
705 3751 746 3800 est
767 3748 935 3816 significatio,
953 3767 1018 3818 quae
1038 3750 1106 3819 apud
1124 3749 1272 3802 Ciceronem
1296 3746 1399 3816 quidem
1422 3762 1473 3799 uno

309 3832 436 3886 hocloco
454 3834 617 3900 reperiatur),
635 3836 676 3886 cui
694 3835 797 3887 tandem
815 3840 917 3904 praeter
934 3851 1086 3905 praeconem
1109 3838 1195 3902 potest
1214 3848 1271 3886 esse
1293 3832 1422 3896 luctuosa,
1445 3835 1473 3884 ut

309 3920 391 3972 etiam
407 3920 528 3985 praeconi
551 3921 606 3973 sire
628 3923 680 3990 ipsi
701 3914 824 3990 praeconi
845 3904 963 3977 luctuosa
980 3939 1037 3977 esse
1055 3923 1107 3974 dici
1128 3921 1229 3989 possit?
1264 3920 1392 3971 Luctuosa
1415 3931 1472 3970 esse

311 4008 424 4072 possunt
446 4006 610 4061 audientibus
633 4025 664 4061 ea
686 4026 751 4078 quae
774 4011 927 4075 recitantur,
949 4013 1008 4080 ipsa
1028 4010 1145 4063 recitatio
1168 4023 1219 4059 non
1237 4010 1284 4058 est.
1326 4004 1361 4056 At
1377 4019 1471 4072 praeco

308 4088 382 4142 dolet
399 4091 518 4143 auctione
539 4093 628 4160 populi
653 4095 760 4147 Romani
787 4111 838 4147 non
857 4096 932 4148 modo
953 4094 1120 4148 communiter
1141 4108 1198 4143 curn
1221 4090 1340 4143 omnibus
1364 4089 1471 4153 civibus,

308 4172 357 4226 sed
374 4172 445 4228 dolet
462 4178 520 4245 ipso
538 4195 578 4244 eo,
596 4182 664 4249 quod
682 4197 786 4234 munere
803 4197 850 4235 suo
869 4184 1012 4235 arretionem
1024 4181 1132 4233 recitare
1145 4178 1251 4247 cogitur.
1269 4203 1304 4216 -·
1326 4174 1361 4229 Ut
1376 4176 1470 4228 inanis

308 4259 395 4323 rebus,
412 4261 452 4315 a'ta
470 4265 499 4317 in
514 4267 648 4335 republica
666 4285 719 4337 seq.
754 4269 896 4337 Corruptus
918 4272 974 4321 erat
991 4269 1032 4320 bic
1049 4282 1148 4335 queque
1166 4265 1238 4318 locus
1256 4279 1307 4317 non
1325 4264 1425 4314 tantum
1442 4263 1470 4313 in

307 4344 450 4413 codicibus,
466 4366 556 4404 verum
573 4353 650 4404 etiam
666 4355 694 4405 in
711 4354 874 4416 editionibus,
894 4369 960 4405 nunc
977 4353 1039 4420 Lag.
1059 4352 1074 4404 9
1093 4351 1187 4403 virtute
1204 4348 1272 4401 haud
1296 4347 1372 4399 dubie
1395 4347 1469 4399 resti-

308 4431 399 4484 tuitur.
425 4433 469 4487 Sic
486 4437 554 4488 eninr
572 4437 598 4488 in
617 4437 674 4489 cod.
691 4437 838 4506 legebatur:
862 4435 996 4490 Utinsuis
1014 4435 1097 4499 rebus,
1106 4436 1146 4487 ita
1162 4434 1192 4487 in
1208 4431 1342 4502 republica
1354 4431 1469 4484 luxurio·

305 4534 352 4569 sus
365 4534 452 4588 nepos,
465 4523 511 4588 qui
519 4552 553 4561 -
565 4524 662 4577 uineas.
686 4523 794 4576 Italiam
800 4524 988 4592 percensuisti:
1001 4539 1083 4594 perge
1101 4523 1129 4575 in
1140 4520 1270 4583 Siciliam,
1288 4517 1365 4571 etsie
1377 4515 1470 4569 edeba-

306 4608 359 4667 tur,
377 4605 428 4659 nisi
445 4608 514 4675 quod
532 4614 635 4664 auctore
652 4611 776 4665 lambino
793 4610 867 4663 multi
884 4612 1043 4680 scripserunt
1059 4609 1207 4663 baurim
1224 4612 1263 4660 eet
1279 4619 1365 4673 nepos.
1393 4600 1469 4655 Intel-

306 4689 426 4758 ligabant
445 4693 514 4746 enim
538 4695 607 4764 apud
625 4694 774 4751 ciceronem
795 4694 846 4749 nisi
866 4695 895 4749 in
916 4694 1060 4765 proverbiis
1081 4692 1323 4764 proverbiorumque
1340 4684 1467 4740 similibus
