3550 5492
753 531 1096 629 -rae-'

294 721 385 807 quod,
407 721 462 787 ubi
483 722 579 788 honos
600 721 722 809 publice
743 721 806 790 non
828 726 890 803 est,
919 719 963 785 ibi
984 720 1099 807 gloriae
1120 718 1274 807 cupiditas
1301 739 1367 786 esse
1385 737 1434 785 non

293 829 402 913 potest
434 824 522 891 Nihil
543 826 628 892 enim
651 833 810 913 supererat
831 825 869 893 de
890 845 951 910 quo
965 830 1127 908 certarent
1141 823 1223 891 nihil
1244 822 1328 908 quod
1347 826 1436 890 conta

293 931 448 1014 peterent,
471 924 552 991 nihil
577 927 632 994 ubi
661 927 853 993 dissiderent.
903 927 1011 1012 Itaque
1038 927 1127 1010 illam
1149 927 1343 1013 Campanam
1368 945 1436 993 arro

293 1029 433 1116 gantiam
454 1036 545 1115 atque
567 1030 793 1097 intolerandam
813 1031 958 1096 ferociam
980 1032 1098 1098 radone
1121 1036 1151 1097 et
1170 1031 1298 1097 consilio
1320 1030 1437 1097 maiores

293 1131 393 1199 nostri
421 1131 461 1196 ad
489 1131 714 1198 inertissimum
743 1154 778 1198 ac
804 1132 1080 1201 desidiosissimum
1107 1134 1206 1201 otium
1230 1134 1438 1221 perduxerunt

295 1234 348 1300 Sic
369 1240 400 1299 et
427 1234 619 1301 crudelitatis
647 1235 810 1301 infamiam
837 1238 1027 1324 effugerunt,
1056 1240 1138 1326 quod
1164 1240 1274 1305 urbem
1302 1259 1343 1305 ex
1362 1234 1441 1305 ltalia

293 1335 531 1424 pulcherrimam
555 1359 618 1403 nen
639 1338 842 1423 sustulerunt,
866 1347 898 1408 et
919 1342 1055 1408 multum
1075 1343 1110 1407 in
1131 1350 1290 1429 posterum
1310 1340 1442 1429 provide
1487 1412 1489 1427 ¹

294 1446 377 1524 runt,
401 1441 483 1526 quod
503 1441 607 1507 nervis
628 1442 715 1507 urbis
741 1442 883 1509 omnibus
913 1445 1025 1511 exectis
1052 1445 1159 1510 urbem
1187 1446 1290 1532 ipsam
1317 1442 1441 1517 solutam

177 1557 330 1628 [lustau
352 1542 545 1610 debilitatam
566 1543 767 1630 reliquerunt.
801 1544 886 1611 Haec
909 1545 1037 1613 consilia
1057 1547 1211 1615 maiorum
1230 1547 1273 1613 Μ.
1295 1547 1401 1630 Bruto,
1413 1551 1442 1612 ut

374 1701 452 1748 pouit,
464 1708 507 1737 non
521 1699 660 1746 sententiose,
673 1708 715 1739 aaa
728 1698 842 1740 amttucuc
855 1699 972 1740 ducam
992 1718 1018 1732 -·
1038 1699 1171 1750 Campanam
1184 1704 1328 1751 cumcurm
1345 1706 1412 1752 atqu·
1422 1720 1442 1736 -ι

293 1770 389 1811 orateur
401 1769 453 1810 urba
467 1769 563 1810 eastun.

294 1891 347 1946 tiae
365 1891 394 1944 in
411 1890 528 1944 omnibus
547 1892 650 1958 praeter
666 1906 746 1944 unum
763 1889 895 1945 codicibus
907 1894 982 1959 turpe
994 1889 1204 1955 additamentum,
1221 1896 1443 1961 concameratione,

294 1995 347 2031 noa
363 1976 500 2031 amatore
518 1975 657 2040 discordes,
675 1976 744 2045 quod
761 1991 819 2029 cum
835 1977 922 2030 nescio
942 1977 999 2044 quis
1016 1976 1151 2030 universae
1170 1979 1313 2035 sanantiae
1330 1982 1444 2052 iuterpre·

294 2062 388 2118 tandm
406 2078 486 2117 causa
497 2062 641 2127 adiecisset,
659 2063 691 2115 ab
710 2062 767 2114 aliis
783 2062 837 2130 ipsi
846 2062 931 2116 Tullio
950 2063 1156 2132 ascriptumest
1183 2061 1352 2121 Conriucitur
1368 2071 1444 2121 suun

294 2165 346 2204 non
363 2154 417 2202 tam
435 2149 587 2202 auctoritate
604 2147 661 2201 cod.
679 2148 704 2213 9,
722 2149 767 2216 qui
784 2148 887 2212 omittit,
905 2164 952 2202 nec
970 2147 1096 2202 uocabulo
1115 2147 1222 2214 ducas,
1247 2152 1318 2219 quod
1335 2169 1386 2214 uno
1401 2154 1445 2208 hoc

294 2237 352 2290 leco
370 2234 439 2303 apud
457 2233 604 2288 Ciceronem
625 2234 732 2303 reperiri
750 2234 851 2287 ridetur
869 2235 957 2299 habet
974 2235 1043 2288 enim
1059 2233 1128 2287 idem
1144 2251 1252 2290 corcus
1270 2241 1297 2291 et
1316 2238 1446 2309 ¹discordia

295 2327 322 2378 et
338 2322 508 2387 discordare),
526 2321 572 2376 sed
589 2337 620 2376 ee
638 2322 706 2390 quod
723 2323 829 2376 verbum
846 2330 924 2376 aaut
941 2322 1021 2388 deest,
1039 2322 1139 2391 alioque
1156 2338 1300 2393 exgenere
1318 2329 1368 2392 est,
1384 2325 1447 2395 quod

296 2424 375 2478 supra
391 2409 406 2475 t
424 2407 459 2462 90
475 2408 557 2461 multa
578 2407 634 2461 alia
660 2407 726 2462 bella
742 2409 849 2462 verbum
870 2409 1031 2478 intelligitur.
1071 2408 1156 2463 Unum
1178 2410 1296 2465 rideatur
1319 2411 1447 2467 offendent

295 2512 362 2561 esse,
379 2495 448 2565 quod
466 2494 585 2564 deinceps
603 2494 671 2548 aiiii
686 2495 754 2548 euim
771 2503 909 2565 supererat
924 2496 962 2548 ait
979 2494 1067 2549 addita
1083 2495 1212 2564 particula
1228 2497 1310 2565 caira,
1328 2499 1380 2553 etsi
1394 2515 1448 2569 pro·

295 2583 351 2650 prie
369 2581 433 2634 nihil
450 2581 519 2649 quod
536 2567 686 2650 explicetur,
703 2581 784 2635 adest.
819 2580 914 2636 Verum
932 2581 1020 2635 adiicit
1036 2581 1099 2636 haec
1116 2581 1215 2648 Cicero,
1231 2587 1262 2637 ut
1278 2585 1447 2654 quietissimos

296 2680 354 2720 esse
367 2665 513 2736 Campanos
530 2682 578 2719 nec
594 2683 652 2722 esse
668 2666 780 2737 Capuae,
797 2668 842 2736 qui
858 2683 939 2736 remp.
957 2667 1090 2733 misceant,
1111 2669 1277 2725 demonstret
1306 2671 1375 2738 Nam
1386 2672 1448 2743 qnod

295 2756 355 2806 aute
374 2751 494 2805 attulerat
510 2768 591 2820 oeque
613 2752 681 2806 euim
703 2752 871 2806 contionandi
885 2758 1002 2822 potestas
1021 2758 1078 2805 act
1102 2753 1230 2820 cuiquam,
1253 2770 1343 2819 reram
1365 2772 1448 2813 eorum

296 2855 362 2910 quae
380 2839 536 2894 antecedunt
554 2854 657 2894 causam
674 2856 726 2894 non
744 2840 830 2904 habet,
847 2838 973 2908 siquidem
991 2838 1077 2893 sium
1092 2840 1127 2893 sit
1148 2840 1314 2895 contionandi
1329 2845 1447 2910 potestus,

296 2941 348 2980 non
365 2927 489 2995 sequitur,
507 2930 537 2980 ut
554 2942 606 2981 non
624 2928 725 2996 possint
743 2929 828 2980 umen
844 2927 873 2979 in
890 2926 953 2980 urbe
971 2940 1028 2979 esse
1046 2924 1162 2980 homines
1173 2942 1258 2981 rerum
1269 2942 1395 2983 novarum
1410 2942 1448 2982 cu·

295 3013 358 3080 pidi.
393 3012 515 3067 Notanda
534 3014 614 3082 igitur
634 3014 738 3067 liberior
761 3013 839 3081 paulo
862 3012 918 3066 eius
935 3012 1076 3082 particulae
1096 3028 1167 3067 usus.
1207 3013 1283 3079 Quod
1297 3015 1377 3083 paulo
1392 3016 1448 3084 post

225 3094 229 3102 '
295 3101 336 3151 est
353 3098 423 3166 quod
437 3103 529 3152 cenem
543 3104 662 3166 peterent
676 3097 793 3166 intellige
811 3097 880 3166 quod
897 3100 1014 3166 peterent
1031 3099 1121 3151 contra
1138 3096 1202 3151 alios
1213 3101 1343 3167 petentes,
1359 3099 1393 3153 de
1407 3100 1448 3153 ho·

294 3198 356 3237 nore
377 3183 504 3251 imprimts
527 3186 572 3235 aut
594 3184 755 3252 magistratu
781 3210 816 3220 —
841 3181 890 3237 Sic
912 3190 938 3236 ct
959 3183 1121 3238 crudelitatis
1144 3187 1193 3238 cet.
1231 3184 1304 3239 Idem
1326 3181 1448 3256 expressit

294 3267 384 3321 Livius
395 3266 496 3331 XXVI,
509 3267 541 3320 16
558 3267 603 3322 Ita
621 3269 658 3321 ad
676 3267 793 3338 Capuam
809 3285 851 3322 res
869 3270 1026 3339 compositae
1036 3270 1150 3331 ,coasilio
1168 3269 1200 3323 ab
1218 3272 1288 3324 omui
1300 3279 1381 3341 parte
1398 3273 1449 3337 loa-

295 3350 385 3405 dalili.
403 3379 437 3390 -
453 3355 639 3406 msaeoitam
650 3355 778 3408 incendiis
794 3356 929 3424 ruinaque
940 3357 969 3409 ia
982 3363 1049 3411 tecta
1064 3358 1174 3411 tamaio
1190 3374 1337 3429 murosque,
1354 3367 1381 3416 et
1396 3376 1449 3413 cuer

295 3437 461 3492 auctomento
479 3440 597 3507 quaesita
619 3440 698 3494 etiam
719 3441 791 3511 apud
816 3443 899 3495 socios
926 3443 1040 3496 baitatrb
1062 3444 1160 3514 species
1182 3443 1361 3499 incolumitate
1381 3444 1449 3499 arlia

194 3555 196 3559 ·
294 3522 468 3598 mbilrssimae
489 3525 759 3596 opulentissimaque,
787 3529 861 3582 cuius
879 3529 969 3582 ,matuta
992 3530 1073 3583 amuis
1095 3528 1257 3600 Campania,
1280 3548 1388 3596 orum,
1408 3531 1450 3602 qui

297 3609 468 3682 Campaniam
490 3613 563 3666 circa
581 3613 711 3679 accolunt,
732 3615 829 3685 populi
849 3615 1040 3684 ingemuissent.
1066 3642 1100 3654 ·-
1126 3616 1212 3671 cervia
1239 3615 1311 3671 arete
1338 3616 1455 3673 emda-

295 3699 398 3752 ecectis.
432 3699 489 3753 Etsi
507 3699 609 3753 codices
627 3715 717 3754 omnes
739 3701 836 3755 habent
853 3702 953 3766 eiectis,
976 3703 1037 3772 quin
1055 3701 1111 3757 Nic
1128 3701 1254 3770 Angelius
1276 3705 1347 3757 recte
1370 3719 1449 3759 emau-

298 3783 367 3838 darit
384 3785 487 3850 caecas,
505 3785 617 3840 dubitari
635 3802 687 3841 non
704 3787 789 3841 debet
823 3787 891 3842 Nam
906 3789 1044 3857 imaginem
1062 3787 1164 3841 dicendi
1179 3788 1204 3841 h.
1217 3788 1235 3842 l.
1253 3787 1404 3844 Ciceronem
1418 3791 1448 3845 ab

294 3870 452 3924 medicorum
469 3875 525 3926 arta
547 3874 644 3944 petisse
667 3890 732 3942 quae
754 3875 925 3944 insequuntur
949 3875 1099 3939 ostendunt,
1120 3890 1179 3927 cum
1201 3874 1316 3944 Capuam
1342 3877 1450 3931 solutast

295 3957 409 4026 appellat
425 3972 483 4010 cum
503 3974 610 4028 corpore
628 3974 790 4030 comparans,
808 3963 880 4016 cuius
898 3962 1013 4015 membra
1034 3961 1121 4015 nervis
1139 3962 1252 4029 euchata
1268 3977 1321 4016 non
1343 3962 1449 4031 amplius

295 4043 370 4110 quasi
387 4043 563 4113 astringuntur
578 4060 659 4115 neque
672 4045 751 4112 ullam
768 4047 888 4101 morendi
901 4048 1048 4101 facultatem
1057 4048 1162 4113 habeut,
1178 4050 1207 4107 ,et
1223 4047 1449 4113 debilitatamie

294 4128 414 4181 membris
431 4129 583 4198 quibusdam
599 4132 744 4201 praecipuis
761 4134 895 4201 priuatam.
930 4132 1022 4191 Medici
1043 4135 1128 4190 auum
1152 4149 1205 4187 nou
1220 4135 1326 4189 eiicium
1350 4149 1448 4200 nervas,

286 4212 341 4273 ,sed
358 4217 467 4269 enecant
484 4215 651 4284 similiterque
669 4216 756 4272 Cicero
765 4219 831 4273 Phil.
840 4219 900 4284 XII,
914 4218 931 4273 3
950 4219 1080 4288 legionum
1093 4227 1243 4275 costarum
1260 4236 1354 4276 aereos
1368 4235 1447 4275 masc

294 4296 335 4349 lis
353 4299 467 4352 consiliis
485 4298 643 4352 incidimus?
657 4303 737 4357 Acad.
755 4305 775 4368 Ι,
792 4305 832 4370 10,
849 4303 883 4358 35
904 4303 1094 4373 Theophrastus
1112 4320 1203 4359 aereos
1225 4305 1332 4359 virtutis
1350 4306 1448 4369 incidit,

296 4383 372 4438 Tusc.
388 4384 421 4450 ll,
441 4386 471 4439 ll
486 4392 581 4455 poetae
598 4403 689 4442 aeruca
707 4391 789 4443 omnis
806 4391 912 4445 virtutis
929 4391 1035 4445 elideret.
1061 4391 1146 4444 Etiam
1158 4391 1227 4461 apud
1244 4391 1345 4445 Livium
1353 4390 1449 4457 vute

296 4483 387 4522 ceruos
406 4470 594 4525 coniurationia
613 4474 706 4528 eiectos
723 4476 820 4533 hiesba
837 4477 942 4532 defendi
959 4478 1083 4542 arbitrer,
1100 4478 1147 4531 sed
1163 4478 1249 4532 minus
1266 4480 1355 4533 tamen
1370 4477 1449 4548 probo

295 4555 352 4608 Nic.
369 4555 481 4627 iladvig.
499 4558 604 4614 Emend
623 4560 723 4616 Lirian.
741 4579 766 4630 p.
779 4563 837 4629 155,
853 4565 899 4637 qui
915 4568 941 4618 et
957 4564 995 4618 ibi
1011 4566 1038 4619 et
1050 4564 1075 4618 h.
1088 4565 1105 4618 l.
1124 4567 1150 4617 et
1169 4564 1268 4637 aliquot
1284 4564 1344 4620 aliie
1361 4578 1449 4619 uereor

296 4641 387 4699 cerae
404 4644 573 4700 commendat.
1212 4674 1215 4678 ·
1450 4678 1453 4683 ·
