3550 5492
712 598 926 661 ..17-

236 759 396 846 publicam
423 757 575 844 cuperetis
602 778 638 822 ac
664 779 776 824 novam
808 759 1051 824 dominationem
1077 780 1268 847 comparare,
1300 765 1398 843 credo,

228 883 335 948 quam
360 862 532 948 peruiciosa
565 869 675 947 esseut,
697 883 759 928 non
788 863 953 928 rideretis?
1008 865 1090 942 Quid
1117 866 1200 931 enim
1228 870 1508 946 carendumt'llto

239 965 343 1031 estin
371 965 499 1030 coloniis
525 964 732 1031 deducendis?
754 966 780 1028 si
810 966 958 1047 harmies,
985 966 1192 1032 Hannibalem
1217 970 1320 1056 ipsum
1344 974 1399 1038 Ca·

234 1088 318 1153 puae
349 1068 500 1153 corrupit:
521 1068 549 1132 si
570 1066 724 1153 superbia,
747 1073 821 1132 nata
843 1058 914 1132 esse'
935 1067 980 1131 ibi
1001 1088 1039 1131 ex
1058 1068 1285 1155 Campanorum
1312 1076 1399 1141 iasti-

237 1172 290 1238 dio
311 1172 451 1238 videtur:
474 1172 502 1236 si
524 1173 723 1258 praesidium,
747 1194 809 1238 non
831 1173 1031 1259 praeponitur
1051 1174 1123 1238 huic
1145 1176 1217 1240 urbi
1237 1178 1298 1242 ista
1319 1178 1399 1243 colo

236 1275 301 1359 uia,
324 1275 380 1340 sed
401 1276 575 1362 opponitur.
612 1277 656 1341 At
677 1268 938 1361 quemadmodum
959 1285 1106 1361 armatur,
1129 1279 1174 1343 dii
1196 1280 1399 1347 immortales!

236 1379 319 1445 Nam
340 1380 420 1446 bello
441 1380 568 1462 Punico,
591 1380 739 1466 quicquid
759 1383 861 1467 potuit
882 1383 999 1468 Capua,
1021 1383 1123 1468 potuit
1151 1383 1220 1469 ipsa
1240 1406 1295 1469 per
1316 1407 1398 1450 sese:

235 1504 321 1548 nuuc
347 1499 454 1548 omues
481 1483 589 1564 urbes,
619 1504 698 1566 quae
727 1484 844 1549 circum
872 1484 1011 1570 Capuam
1033 1490 1123 1566 suut,
1157 1506 1176 1549 a
1203 1484 1318 1551 colonis
1346 1510 1400 1573 per

234 1585 360 1650 eosdem
380 1584 492 1649 Xuiros
514 1586 754 1674 occupabuntur.
805 1586 894 1650 Hanc
920 1587 1004 1650 enim
1033 1588 1070 1651 ob
1099 1607 1224 1652 causam
1246 1589 1400 1674 permittit

234 1688 304 1774 ipsa
324 1688 392 1770 lex,
420 1687 455 1750 iu
482 1687 587 1751 omnia
607 1708 686 1772 quae
713 1687 814 1751 velint
841 1688 954 1773 oppida
979 1686 1100 1764 colonos
1129 1695 1164 1753 ut
1185 1689 1275 1754 Xviri
1303 1690 1398 1755 dedu-

234 1798 309 1859 cant
329 1812 406 1878 quos
419 1790 527 1873 velint,
550 1797 642 1877 atque
657 1792 707 1856 his
722 1791 837 1857 colonis
853 1814 963 1876 agrum
975 1791 1169 1878 Campanum
1191 1814 1226 1857 ac
1238 1791 1398 1858 Stellatem

235 1916 382 1982 campum
402 1894 502 1961 dividi
523 1893 618 1961 iubet.

346 1999 415 2064 Non
458 2018 568 2082 queror
610 1996 850 2064 diminutionem
883 1998 1100 2083 vectigalium,
1141 2021 1202 2065 non
1245 1999 1397 2082 flagitium
1407 2014 1438 2068 tl

234 2102 332 2168 huius
357 2098 494 2169 iacturae
512 2108 614 2189 atque
643 2103 766 2181 damni,
793 2104 1004 2190 praetermitto
1031 2105 1105 2187 illa,
1134 2125 1213 2188 quae
1241 2123 1331 2168 nemo
1352 2110 1398 2168 est

322 2293 351 2324 ac
361 2284 419 2324 votat
431 2293 515 2324 nocam.
528 2302 554 2312 -
563 2283 596 2327 8⁰.
608 2264 680 2333 ipram
687 2266 761 2334 capua
770 2285 875 2333 camapio.
887 2302 914 2313 -
926 2286 980 2325 nata
992 2285 1047 2325 r'ar'ti
1053 2285 1105 2326 'cue
1117 2283 1185 2336 [daea]
1196 2294 1222 2324 er
1233 2284 1398 2335 campanorum.

235 2373 261 2383 -
274 2353 408 2403 cmm
420 2356 441 2394 a
451 2351 567 2394 &odam
583 2371 606 2381 -
621 2351 654 2393 21.
667 2353 835 2393 deminutionem

306 2495 349 2551 20.
369 2495 482 2579 Capuae.
518 2495 562 2549 Sic
580 2511 646 2549 uuus
664 2495 747 2550 cod9
765 2496 856 2560 habet,
874 2496 921 2548 sed
938 2497 1023 2550 verius
1041 2498 1217 2551 videturesse
1235 2513 1311 2566 quam
1330 2497 1399 2566 quod

234 2583 329 2652 reliqui
346 2580 394 2638 ms.
411 2583 471 2638 libri
488 2585 615 2652 praebent
633 2581 732 2652 Capua,
751 2584 819 2652 quod
836 2584 859 2636 si
876 2584 985 2652 legatur,
1003 2583 1148 2638 addendum
1166 2584 1216 2636 erit
1232 2582 1334 2636 luxuria
1352 2580 1398 2636 Ca·

236 2686 317 2739 puam
334 2671 481 2741 corrupisse
498 2669 676 2723 Hannibalem.
706 2669 781 2723 Nunc
798 2670 857 2739 ipsa
873 2670 989 2722 luxuries
1007 2686 1055 2738 pro
1073 2670 1190 2724 subiecto
1208 2669 1264 2733 erit,
1281 2669 1399 2722 similiter

234 2760 313 2827 atque
329 2757 357 2810 iu
374 2760 439 2809 orat.
456 2756 488 2822 Π,
505 2756 548 2820 35,
566 2756 599 2810 95
617 2756 665 2808 illa
684 2756 812 2819 luciariae,
831 2771 897 2822 quae
908 2756 1000 2824 apsaro
1018 2754 1193 2807 Hannibalem
1210 2754 1291 2806 arinis
1310 2741 1398 2807 etiam'·

235 2848 297 2911 tunc
313 2843 440 2896 invictum
456 2843 587 2912 oolrrptate
604 2842 676 2896 vicit.
711 2841 887 2894 Veruntamen
905 2841 1003 2893 librarii
1024 2841 1146 2908 quoniam
1163 2839 1285 2909 epodosia
1303 2854 1397 2892 novum

234 2928 381 2983 subiectum
397 2927 601 2992 introduxerant,
619 2925 776 2994 cogebantur
788 2927 866 2978 etiam
877 2925 1036 2993 insequentis
1054 2925 1197 2988 sententiae
1214 2924 1322 2992 apodosi
1339 2924 1398 2977 sub·

195 3060 198 3066 .
233 3014 330 3067 iectum
349 3013 443 3068 addere
461 3015 649 3083 effecerantque
666 3014 738 3077 daec,
756 3014 825 3082 quod
847 3013 1028 3068 nos'eiusdem
1046 3013 1143 3067 codicis
1161 3013 1313 3067 auctoritate
1331 3011 1399 3065 delc-

233 3098 328 3153 umus.
363 3098 434 3153 Idem
451 3100 561 3168 denique
578 3100 730 3152 adversatur
747 3099 779 3163 ei,
797 3099 865 3168 quod
888 3114 922 3152 er
936 3098 1107 3152 deterioribus
1129 3099 1202 3152 libris
1219 3114 1267 3151 ms.
1286 3097 1398 3165 quidam,

233 3185 362 3240 editiones
375 3186 457 3240 adbuc
466 3202 548 3256 prope
561 3201 649 3240 omnes
663 3188 802 3261 tenuerunt
814 3185 881 3238 inibi
889 3201 950 3237 ease.
977 3183 1066 3253 Neque
1084 3183 1185 3237 videtur
1201 3183 1229 3235 id
1248 3182 1316 3252 apud
1329 3180 1399 3235 Cice-

233 3287 325 3325 ronem
332 3273 456 3327 usitatum
467 3289 525 3327 esse
537 3273 588 3326 nisi
600 3273 627 3324 in
644 3273 775 3326 locutione
787 3271 854 3323 inibi
867 3287 921 3324 ease
930 3273 947 3325 i.
957 3287 979 3324 e.
989 3272 1018 3322 ia
1029 3287 1058 3323 ea
1068 3286 1129 3334 ease,
1140 3273 1168 3324 ut
1179 3269 1245 3323 Phil.
1256 3266 1328 3332 XIV,
1339 3267 1363 3332 2,
1373 3266 1397 3320 5.

233 3355 269 3395 -'
286 3357 316 3409 in
334 3359 421 3412 omnia
438 3375 504 3426 qaae
521 3358 604 3411 velint
619 3357 716 3427 oppida
728 3360 777 3410 cet.
801 3356 885 3409 Minus
904 3359 973 3410 recte
991 3355 1093 3425 quidam
1111 3357 1263 3424 interpretes
1281 3354 1344 3406 haec
1361 3353 1398 3405 ita

233 3447 399 3512 acceperuut,
414 3447 444 3498 ut
460 3459 554 3497 norum
571 3443 636 3512 legis
647 3443 771 3497 Serviliae
789 3446 867 3510 caput
884 3441 1025 3512 significari
1044 3442 1236 3495 arbitrarentur.
1259 3440 1340 3492 Immo
1358 3441 1398 3490 est

232 3526 312 3593 idem,
330 3528 398 3598 quod
416 3546 499 3600 ¹supra
516 3531 530 3595 ξ
545 3530 577 3583 17
595 3530 689 3583 citarat
711 3534 787 3599 atque
805 3530 832 3581 iu
849 3545 901 3582 una
921 3530 970 3582 hac
990 3544 1017 3581 re
1035 3528 1059 3598 h,
1078 3528 1096 3580 l.
1114 3527 1224 3591 recedit,
1247 3525 1314 3592 quod
1332 3538 1397 3592 quae

232 3612 288 3666 illic
305 3614 445 3681 separatim
463 3617 693 3668 commemorantur
711 3630 777 3680 qaae
794 3613 823 3665 ia
839 3613 984 3682 mand-ipio
1002 3628 1115 3680 quaeqae
1133 3613 1162 3663 io
1174 3610 1288 3663 coloratas
1305 3636 1339 3645 -
1356 3624 1398 3659 oc-

234 3691 294 3763 lint,
311 3713 343 3751 ea
359 3699 403 3755 hic
419 3714 471 3752 uuo
488 3699 641 3770 oppidorum
659 3699 762 3752 nomine
774 3699 1032 3768 comprehenduntur.
1057 3696 1177 3750 Ostendit
1193 3695 1220 3747 id
1232 3697 1320 3762 aperte
1333 3696 1397 3746 orat.

232 3781 270 3848 Π,
288 3781 337 3848 31,
357 3781 404 3848 86,
426 3784 472 3837 ubi
494 3783 526 3836 de
549 3782 681 3852 Campana
703 3784 804 3838 colonia
827 3784 962 3852 disputans
985 3784 1023 3835 sic
1046 3781 1122 3834 dicit:
1157 3778 1228 3830 Nam
1245 3779 1303 3830 (lici
1320 3785 1398 3830 antea

233 3868 289 3939 lege
305 3869 437 3938 pertriti,
455 3876 485 3921 ut
507 3885 573 3937 quae
590 3870 673 3922 velint
688 3870 845 3939 troaadcpia,
868 3886 932 3936 qaaao
955 3869 1037 3921 callot
1052 3874 1150 3919 veteres
1169 3864 1283 3916 colonias
1302 3864 1398 3917 colcaria

233 3942 289 4007 aaa
307 3963 439 4024 occupant,
457 3960 484 4009 et
500 3972 591 4011 narsus
608 3957 749 4026 municipia
767 3972 797 4009 ac
815 3956 929 4009 colonias
948 3969 1071 4023 separans
1094 3955 1120 4005 et
1142 3954 1202 4005 ante
1219 3950 1271 4003 iam
1288 3950 1314 4003 id
1333 3949 1397 4019 legis

232 4043 313 4110 caput
330 4040 436 4096 citatum
453 4058 512 4097 esse
530 4043 662 4098 adiiciens.
697 4044 735 4097 De
754 4061 843 4114 eampo
862 4043 970 4096 Stellati
987 4041 1019 4094 ci.
1039 4040 1071 4093 ad
1089 4039 1121 4105 ΙΙ,
1139 4039 1181 4104 31,
1199 4037 1241 4093 85.

321 4145 365 4199 21.
387 4146 583 4200 damnationem
600 4148 774 4216 uectigalium.
809 4147 950 4215 Postquam
970 4144 1165 4213 Oudendorpius
1184 4142 1216 4195 ad
1234 4140 1305 4194 Suet.
1324 4138 1397 4193 Caes.

232 4246 255 4285 c
274 4229 292 4284 5
310 4228 402 4284 docere
420 4231 517 4301 coepit,
536 4232 664 4296 derrainai,
682 4232 751 4302 quod
768 4231 903 4285 decrescat
920 4231 974 4285 siue
991 4231 1076 4283 minue
1093 4229 1140 4282 fiat
1157 4244 1233 4297 quam
1250 4227 1340 4288 fuerit,
1358 4225 1398 4277 di·

232 4308 326 4380 m'iuai,
343 4317 413 4386 quod
430 4318 607 4387 confringatur
625 4322 670 4373 aut
688 4321 716 4372 in
734 4320 884 4372 minutiores
907 4321 995 4386 partes
1015 4316 1168 4385 dissipetur,
1186 4316 1236 4368 hoc
1258 4314 1310 4366 fere
1329 4310 1397 4380 apud

233 4401 384 4457 Ciceronem
402 4409 568 4459 consecutum
585 4410 634 4472 est,
652 4409 680 4458 ut
698 4407 792 4473 ubique
811 4405 927 4458 derra'oai
944 4405 1098 4459 scriberetur
1116 4418 1164 4457 nec
1177 4399 1249 4456 'ullus
1269 4401 1341 4453 locus
1359 4413 1397 4451 re-

233 4487 315 4558 periri
332 4488 472 4554 rideretur,
489 4506 539 4559 quo
557 4505 609 4543 uon
627 4489 790 4542 decrescendi
814 4489 968 4558 significatio
991 4491 1067 4558 longe
1091 4489 1176 4557 aptior
1198 4485 1396 4539 existimaretur.

233 4572 359 4639 Codicum
375 4575 478 4645 quidem
497 4577 639 4630 auctoritas
656 4575 843 4645 negligebatur,
861 4592 940 4645 quae,
958 4580 987 4629 ut
1004 4574 1054 4629 'uno
1073 4575 1159 4643 aliquo
1177 4573 1234 4625 loco
1252 4572 1279 4623 in
1296 4568 1398 4622 tantula

232 4675 262 4715 ra
280 4675 334 4715 uou
351 4650 395 4717 cot¹
409 4660 486 4715 nimia
504 4663 592 4731 magni
609 4658 736 4725 facienda,
752 4661 803 4726 ita,
821 4663 844 4714 si
862 4662 966 4730 saepius
983 4661 1072 4715 eadem
1090 4659 1218 4721 recurrat,
1236 4666 1397 4724 nequaquam
