3550 5492
785 606 1073 673 -11-'

309 783 367 835 aaut
382 776 560 856 perverterit
581 796 620 837 ea
633 775 768 857 praeda,
792 796 830 836 ea>
851 775 1016 844 manubiis,
1039 796 1077 835 ea
1092 796 1169 836 aare
1191 777 1363 844 coronario,
1385 775 1468 856 quod

309 898 408 958 neque
430 888 641 960 consumptum
657 881 689 938 ira
704 888 898 939 monumento
920 899 1016 958 neque
1038 879 1071 938 a're
1093 878 1250 938 aerarium
1269 876 1400 939 relatam
1420 881 1467 949 eit,

309 979 344 1038 id
365 979 411 1040 ad
429 977 547 1039 Xoiros
567 977 680 1053 referri
699 976 793 1041 iubet.
830 976 895 1041 Hoo
910 976 1009 1060 capite
1031 975 1130 1048 multa
1151 981 1290 1059 sperant:
1312 975 1346 1039 in
1362 997 1467 1040 omnes

308 1081 509 1165 imperatores
524 1079 711 1164 heredesque
733 1101 838 1145 eorum
853 1079 1066 1164 quaestionem
1081 1099 1137 1142 suo
1152 1077 1265 1163 iudicio
1280 1086 1466 1164 comparant,

309 1183 364 1247 sed
385 1182 554 1246 maximam
569 1184 733 1267 pecuniam
748 1205 780 1247 se
802 1205 821 1246 a
835 1183 950 1247 Fausto
965 1182 1119 1247 ablaturos
1135 1183 1334 1248 arbitrantur.
1368 1185 1467 1260 Quam

300 1308 437 1351 eausam
459 1281 614 1372 suscipere
637 1287 731 1351 iurati
753 1287 869 1350 iudices
892 1287 1067 1366 noluerunt,
1084 1285 1238 1349 hano-isti
1258 1285 1347 1349 Xviri
1370 1287 1466 1350 susci·

310 1389 412 1473 pient:
434 1386 551 1452 idcirco
572 1409 590 1451 a
612 1387 766 1453 iudicibus
781 1388 915 1479 fortasse·
925 1386 1173 1472 praetermissam
1188 1407 1255 1449 esse
1269 1386 1466 1468 arbitrantur,

309 1492 392 1577 quod
419 1493 461 1556 sit
488 1492 566 1575 ipsis
602 1497 764 1565 reservata.
793 1491 939 1556 ·Dcinde
972 1491 1065 1556 etiam
1093 1490 1127 1555 in
1155 1490 1310 1576 reliquum
1344 1496 1466 1577 tempus
1479 1497 1514 1549 13·
1548 1477 1551 1483 ⁵

396 1649 540 1695 eaedemque
550 1649 681 1696 pervenerit.
694 1667 719 1676 -·
732 1649 846 1686 deeerraee'ra'
859 1657 975 1696 suscepere.
992 1667 1015 1675 -

310 1768 514 1836 sententiamque
531 1768 613 1820 solam
631 1767 746 1820 exhiberi
764 1768 838 1820 docet
855 1768 961 1820 verbum
979 1768 1061 1821 iubet.-
1083 1767 1145 1836 quid
1161 1769 1241 1834 igitur
1258 1768 1342 1836 legum
1361 1783 1467 1821 consue·

310 1853 434 1917 tudinem,
451 1869 517 1922 quae
535 1871 551 1905 a
568 1853 697 1905 cotidiano
715 1870 764 1906 usu
781 1853 892 1917 recedat,
910 1855 1068 1906 immutatam
1082 1868 1139 1906 esse
1152 1854 1289 1906 miremur?
1307 1853 1345 1906 Ac
1357 1854 1468 1905 mutavit

309 1940 389 1991 etiam
407 1942 473 1992 orat.
490 1940 523 2003 Π,
541 1939 583 2003 22,
602 1939 644 2003 59,
662 1940 695 1992 ad
713 1955 786 1992 suam
804 1955 911 2007 prorsus
929 1940 1071 1992 orationem
1083 1939 1147 2006 legis
1165 1939 1245 1991 rerba
1262 1939 1466 1991 accommodans.

310 2025 362 2077 Sed
380 2040 438 2077 eum
456 2029 526 2078 esset
542 2026 568 2076 in
587 2025 643 2093 lege
656 2025 765 2078 Seruilia
773 2026 902 2094 peruenit,
915 2026 1073 2094 pervenerit,
1092 2027 1164 2078 utin
1181 2025 1296 2078 futurum
1315 2025 1392 2077 etiam
1405 2027 1467 2076 tem-

307 2101 357 2179 pus
374 2110 541 2178 imperatores
559 2111 680 2177 praedam
699 2111 732 2162 ad
749 2111 847 2164 Xuiros
865 2111 958 2163 referre
977 2111 1133 2175 iuberentur,
1159 2112 1264 2179 insuper
1286 2113 1372 2171 tamen
1389 2126 1466 2177 pecu-

307 2198 372 2249 liare
390 2198 476 2263 caput,
494 2196 562 2263 quod
579 2196 668 2248 eodem
686 2198 826 2264 pertineret
838 2185 1018 2266 propriamque
1031 2198 1190 2251 sanctionem
1207 2196 1321 2263 haberet,
1340 2196 1466 2248 adiectum

308 2297 365 2334 esse
382 2281 496 2335 ostendit
513 2279 582 2348 §la
617 2282 655 2334 De
673 2282 813 2346 rnonubiie,
837 2300 902 2336 auro
927 2283 1064 2336 coronario
1082 2284 1249 2352 reliquisque,
1276 2299 1340 2350 quae
1358 2298 1466 2335 comme-

307 2372 449 2431 morantur,
467 2369 544 2421 rebus
561 2368 719 2435 disputatum
737 2372 777 2420 est
795 2369 828 2421 ad
845 2372 910 2439 orat.
927 2368 960 2432 11,
978 2368 1021 2432 22,
1039 2369 1081 2422 59.
1116 2368 1287 2422 dilatantem
1306 2384 1338 2421 er
1354 2369 1465 2437 proedo,

308 2471 340 2508 ea
357 2453 498 2517 manubiis,
525 2469 557 2506 ea
579 2470 645 2523 auro
668 2455 805 2506 caranceio
822 2453 889 2507 Geli.
912 2454 987 2507 Noot.
1006 2454 1060 2507 Att.
1078 2454 1149 2518 XIII,
1168 2455 1209 2518 24,
1228 2455 1252 2507 6.
1275 2481 1309 2491 -·
1332 2471 1349 2506 o
1366 2452 1465 2507 lberto

307 2542 324 2594 i.
343 2557 365 2593 e.
384 2557 400 2592 a
416 2541 513 2593 Fausto
531 2539 649 2592 Cornelio
668 2539 749 2604 Sulla,
767 2540 901 2596 dictatoris
918 2539 979 2593 filio.
1020 2540 1087 2592 Nam
1105 2555 1163 2593 cum
1181 2540 1292 2594 dictator
1308 2557 1354 2608 per
1371 2540 1465 2592 multos

308 2642 389 2679 anuos
417 2641 498 2695 remp.
528 2642 575 2679 suo
605 2627 710 2680 arbitrio
737 2629 864 2694 rexisset,
890 2617 1027 2696 pecuniam
1054 2644 1087 2680 ex
1113 2627 1211 2680 aerario
1238 2643 1268 2680 aa
1297 2628 1466 2696 vectigalibus

308 2714 469 2781 sumpsisset,
486 2713 653 2780 plurimorum
671 2713 765 2766 ciuium
783 2714 850 2766 bona
868 2714 1034 2781 publicasset,
1052 2713 1171 2765 dehmcto
1192 2729 1222 2765 eo
1241 2714 1284 2779 qui
1301 2712 1464 2766 Sullanarum

307 2799 421 2867 partium
441 2797 538 2849 inimici
560 2794 646 2862 erant,
668 2799 806 2850 maximam
827 2786 962 2866 pecuniam
985 2798 1115 2865 publicam
1138 2799 1207 2866 apud
1228 2798 1308 2851 filium
1336 2799 1464 2851 residuam

306 2899 364 2937 esse
382 2883 592 2946 criminabantur,
606 2898 640 2934 ao
658 2898 735 2951 saepe
753 2900 780 2936 re
797 2883 895 2936 frustra
911 2885 1007 2948 iactata
1025 2882 1129 2946 (Asson.
1148 2884 1181 2935 ad
1193 2883 1245 2941 (lic.
1264 2883 1364 2936 Gornel.
1382 2900 1408 2950 p.
1421 2884 1465 2947 72)

306 2969 425 3022 tribunus
443 2967 547 3035 quidam
565 2983 632 3020 auno
651 2966 684 3020 66
702 2969 772 3035 apud
790 2968 817 3021 Ο.
836 2968 984 3021 Orchivium
1005 2972 1149 3037 praetorem
1166 2969 1289 3020 Faustum
1312 2969 1464 3037 postularit,

307 3055 354 3107 sed
370 3054 468 3107 iudices
485 3069 539 3106 rem
557 3069 610 3106 non
627 3059 803 3122 susceperunt,
818 3056 884 3119 sire,
897 3059 932 3107 ‘ut
949 3055 985 3107 ait
1003 3055 1091 3108 Cicero
1109 3072 1134 3122 p.
1153 3054 1253 3108 Clueut.
1271 3054 1319 3118 34,
1337 3055 1379 3118 94,
1396 3055 1464 3122 quod
1526 3059 1529 3064 '

307 3141 433 3192 Faustum
451 3141 527 3192 nimis
551 3141 696 3194 tribuniciis
714 3141 806 3208 opibus
824 3142 906 3209 premi
929 3141 1120 3209 intelligebant,
1143 3141 1205 3205 sive,
1222 3144 1252 3193 ut
1269 3140 1386 3210 equidem
1404 3140 1465 3193 mihi

307 3226 460 3296 persuadeo,
476 3227 546 3295 quod
564 3243 617 3280 rem
635 3225 797 3291 invidiosam,
815 3244 880 3296 quae
898 3228 989 3282 melius
1008 3228 1137 3282 oblivione
1155 3228 1321 3296 sepelhetur,
1338 3227 1366 3278 in
1383 3226 1465 3278 lucem

307 3312 423 3381 protrahi
440 3313 570 3366 uolebant.
605 3313 724 3386 Notabile
747 3318 832 3367 autem
854 3317 908 3378 est,
931 3315 999 3382 quod
1016 3313 1105 3368 Cicero
1128 3316 1193 3367 hano
1210 3315 1300 3366 Fausti
1317 3326 1421 3365 calisam
1438 3313 1465 3365 ln

309 3398 426 3451 oratioue
444 3398 525 3450 altera
542 3399 574 3451 ad
591 3400 716 3468 populum
734 3415 786 3452 uon
804 3404 994 3465 commemorat,
1011 3417 1066 3453 eam
1085 3402 1191 3465 obrem,
1208 3402 1238 3453 ut
1249 3400 1377 3466 existImo,
1395 3399 1464 3465 quod

307 3484 405 3552 populo
431 3484 520 3536 Fausti
542 3502 634 3542 nomen
656 3503 745 3554 parum
769 3491 871 3555 gratum
896 3491 965 3552 erat,
992 3493 1073 3555 quem
1091 3489 1115 3540 si
1136 3487 1213 3539 Xviri
1235 3486 1381 3538 riderentur
1407 3498 1465 3536 esse

307 3571 435 3646 rexaturi,
451 3572 667 3626 commendationi
683 3573 710 3624 id
731 3574 764 3626 iis
781 3573 867 3640 potius
881 3568 979 3626 fuisset.
997 3582 1031 3611 ’-
1048 3573 1197 3648 suscipient.
1232 3570 1385 3623 Coniectura
1402 3569 1465 3620 haec
1499 3633 1501 3636 .

307 3658 397 3708 nostra
414 3659 455 3709 est
474 3673 521 3734 neo
540 3659 603 3733 satts
621 3662 700 3723 certa,
716 3659 780 3723 etsi,
804 3659 871 3726 quod
890 3659 968 3728 arrigo
985 3659 1083 3723 editur,
1100 3658 1192 3710 falsum
1210 3672 1268 3709 esse
1290 3654 1465 3721 intelligimus.

308 3742 376 3795 Nam
394 3743 513 3796 meliores
531 3745 613 3797 nostri
630 3745 732 3798 codices
749 3745 846 3798 habent
862 3747 1000 3814 suscipere,
1013 3745 1152 3797 deteriores
1166 3756 1306 3809 suscepere,
1324 3742 1400 3806 atque
1417 3739 1466 3791 hoc
1528 3746 1532 3752 ’

308 3829 416 3884 alterum
435 3828 502 3881 solet
524 3845 592 3882 nunc
613 3830 663 3882 edi-
711 3829 763 3882 Sed
786 3830 891 3883 dubium
914 3834 1000 3882 tamen
1017 3832 1070 3892 est,
1097 3839 1158 3880 num
1180 3840 1288 3894 usquam
1306 3824 1394 3877 Cicero
1417 3825 1466 3878 hac

307 3915 416 3982 perfecti
433 3915 517 3968 torma
533 3931 596 3968 usus
619 3917 654 3968 sit
671 3916 714 3980 (ci.
733 3908 761 3969 (l.
780 3916 810 3968 Τ.
828 3920 950 3984 patruum
968 3915 1001 3967 ad
1019 3913 1071 3968 Cic.
1088 3915 1117 3966 in
1135 3912 1207 3966 Verr.
1225 3912 1250 3976 I,
1268 3912 1294 3977 6)
1312 3910 1466 3978 demptoque

307 4001 367 4052 loco
383 4001 412 4052 iu
427 4000 480 4053 Pis.
490 4002 532 4065 40,
542 4001 584 4065 96,
602 4003 646 4054 ubi
657 4001 736 4070 scere
753 4003 866 4055 incertae
884 4002 1046 4056 auctoritatis
1061 4003 1112 4064 est,
1129 4002 1249 4068 superest
1265 3999 1297 4052 de
1314 3999 1364 4067 leg.
1376 3999 1395 4062 l,
1405 3999 1429 4062 2,
1440 3999 1466 4062 6,

309 4088 356 4139 ubi
374 4103 421 4155 pro
439 4103 470 4140 eo
488 4087 557 4154 quod
574 4087 658 4141 editur
672 4104 818 4154 successere
835 4088 896 4141 duic
913 4087 1076 4141 scribendum
1093 4100 1151 4139 esse
1168 4101 1259 4139 censeo
1283 4091 1466 4147 successerant,

306 4173 385 4242 epist.
402 4172 438 4237 X,
458 4172 499 4236 19,
516 4171 541 4224 2”
551 4173 651 4236 dedere,
669 4173 777 4242 denique
793 4175 836 4227 hic
853 4174 934 4238 locus,
952 4187 1002 4242 quo
1020 4173 1149 4241 suscepere
1165 4173 1327 4226 librariorum
1339 4171 1377 4223 ,ad
1394 4171 1466 4239 prius

307 4259 373 4311 illud
390 4259 521 4327 anselpere
539 4259 712 4312 aberrantium
723 4260 786 4313 ritio
803 4260 921 4312 extitisse
938 4259 1031 4311 iudico.
1058 4258 1112 4311 Nec
1126 4259 1268 4327 perfeetum
1287 4248 1467 4319 omninohuic
1560 4293 1563 4298 ·

306 4345 365 4398 loco
384 4349 473 4413 aptum
486 4359 546 4398 esse·
559 4360 658 4408 censeo,
676 4345 801 4412 siquidem
819 4346 918 4413 suscipi
932 4348 991 4398 aute
1008 4362 1084 4414 quam
1102 4346 1198 4399 deferri
1218 4359 1297 4398 causa
1314 4345 1404 4397 Fausti
1415 4359 1465 4396 non

308 4434 424 4498 poterat,
446 4430 608 4483 deferebatur
630 4434 716 4482 autem
732 4431 791 4497 ipsa
811 4431 861 4483 hac
883 4430 948 4498 lege.
990 4431 1073 4495 Quare
1089 4433 1237 4501 scripsimus
1255 4431 1396 4499 suscapienl
1412 4447 1466 4482 mu·

308 4517 408 4570 tatione
416 4517 556 4581 lenissima,
565 4532 630 4585 quae
640 4516 720 4568 iuhae
729 4516 846 4569 codicum
856 4520 1002 4590 nostrorum
1013 4520 1104 4570 natura
1113 4518 1238 4570 neminem
1245 4515 1371 4568 offendere
1381 4515 1465 4568 debet

396 4600 437 4654 13.
451 4603 573 4670 protinus
592 4631 624 4640 -
643 4601 752 4670 deserat.
785 4602 814 4654 ln
832 4604 881 4656 hoc
898 4603 979 4671 igitur
994 4604 1070 4656 hruus
1088 4604 1180 4671 capitis
1198 4602 1237 4654 vis
1255 4604 1311 4653 erat
1327 4601 1419 4666 posIta,
1437 4601 1466 4651 ut

294 4689 335 4744 ·in
354 4692 487 4759 posterum
503 4687 671 4762 imperatores
693 4686 815 4764 quidquid
825 4706 827 4711 ·
837 4689 949 4759 praedae
966 4689 1106 4759 cepissent,
1128 4689 1217 4743 statim
1235 4685 1269 4740 ad
1285 4685 1464 4749 XrIros‚·nen
