3550 5492
777 379 1013 444 —149-

313 543 348 612 vi
370 564 407 610 ac
420 562 525 609 mauu
547 541 695 628 perfringi
717 547 828 627 posset,
844 541 927 626 quod
948 549 1011 608 non
1027 563 1082 609 vos
1095 564 1274 630 oppressum
1296 550 1389 630 atque
1411 566 1476 609 ere-

314 653 407 735 ptum
429 646 593 712 anemae:
616 650 653 710 ut
666 644 836 710 volitaretis
851 645 1046 741 intereqper
1060 651 1177 729 gentes,
1194 667 1250 733 per
1263 667 1359 730 regna
1373 647 1478 713 omnia

310 772 385 816 cum
407 751 537 836 imperio
560 769 698 829 summo,
720 771 793 813 cum
814 747 929 812 iudicio
949 747 1089 828 infinito,
1120 768 1191 812 cum
1218 749 1303 813 omni
1328 751 1474 834 pecunia:

312 862 352 920 ut
371 855 519 921 veniretis
542 855 700 919 in-castra
722 854 778 917 Cn.
797 852 938 938 Pompeii
959 855 1051 935 atque
1073 850 1141 935 ipsa
1162 856 1272 933 castra,
1294 853 1322 917 si
1342 875 1475 920 commo-
1530 882 1533 887 ·

310 959 391 1023 dum
412 958 604 1038 vobisesset,
627 956 815 1021 venderetis:
838 963 873 1023 ut
886 957 1006 1020 interea
1019 955 1218 1038 magistratus
1233 956 1376 1042 reliquos,
1398 960 1475 1044 legi-

311 1062 372 1126 bus
395 1059 539 1124 omnibus
560 1057 669 1139 soluti,
693 1058 760 1123 sine
782 1065 869 1125 metu
886 1059 1091 1141 iudiciorum,
1114 1059 1182 1123 sine
1210 1058 1346 1145 periculo
1372 1068 1475 1147 petere
1527 1088 1529 1092 ·

310 1163 460 1250 possetisz
487 1169 525 1227 ut
551 1182 641 1227 nemo
669 1162 709 1226 ad
738 1164 886 1248 populum
910 1164 1083 1228 Romanum
1112 1183 1167 1229 vos
1195 1163 1361 1247 adducere,
1383 1187 1474 1232 nemo

311 1264 488 1351 producere,
512 1285 576 1329 non
597 1263 632 1326 iu
654 1270 797 1328 senatum
819 1285 934 1351 cogere,
958 1286 1020 1333 non
1035 1267 1143 1333 consul
1164 1287 1310 1351 coercere,
1333 1288 1396 1333 non
1417 1269 1474 1334 tri·

315 1368 419 1433 bunus
439 1367 538 1454 plebis
559 1366 700 1460 retinere
713 1372 827 1451 posset

399 1540 537 1602 dietmarus.
551 1579 575 1592 -ι
588 1567 633 1599 aen
646 1562 733 1600 secutur
747 1567 828 1608 cepere.

310 1718 394 1772 maior
415 1715 483 1768 enim
503 1726 624 1767 numerus
646 1712 705 1781 plns
723 1714 804 1777 valet3
827 1712 960 1782 suffragia
982 1714 1016 1766 ad
1037 1728 1069 1766 ca
1092 1715 1195 1768 comitia
1217 1716 1360 1784 pertinent,
1381 1717 1473 1786 quibus

311 1804 422 1857 bonores
452 1799 616 1853 mandantur.
659 1799 756 1854 Iniuria
781 1799 862 1866 igitur
891 1798 955 1851 haec
978 1799 1131 1868 quibusdam
1158 1799 1351 1869 displicuerunt.
1393 1801 1474 1854 Paulo
1508 1811 1512 1818 '

299 1892 376 1958 post
394 1888 438 1940 ubi
456 1887 488 1940 de
504 1887 651 1941 coniectura
667 1890 708 1940 est
724 1888 754 1940 ai
770 1904 802 1939 ac
819 1903 907 1949 mauu,
925 1901 975 1939 non
992 1885 1146 1938 credidimus
1164 1887 1253 1954 paucis
1271 1891 1298 1939 et
1314 1887 1475 1947 maliscoui-

314 1976 401 2038 cibus,
427 1974 471 2042 qui
493 1973 563 2042 quod
589 1973 691 2041 placere
713 1977 802 2040 posset
826 1972 855 2024 ui
881 1978 907 2023 at
930 1987 1023 2034 manu,
1049 1985 1082 2022 ex
1110 1959 1273 2025 librariorum
1296 1971 1474 2025 emendatione

312 2059 458 2123 habebant3
481 2058 586 2127 reliqui,
613 2060 657 2127 qui
677 2058 831 2132 ἀρχέτυπον,
850 2072 902 2110 non
922 2072 995 2109 suam
1015 2056 1149 2110 libidinem
1169 2060 1323 2126 sequuntur,
1341 2073 1398 2110 cum
1416 2073 1474 2126 pec·

313 2149 385 2211 cent,
408 2145 477 2215 quod
498 2145 649 2212 scripsimus
675 2144 793 2196 ridentur
821 2139 998 2195 commendare
1020 2139 1097 2209 idque
1119 2141 1181 2194 olim
1198 2140 1227 2194 P.
1248 2141 1378 2193 Manutius
1400 2142 1475 2194 intel-

312 2233 383 2285 lexit.
410 2259 444 2268 -
470 2231 624 2291 cadurcus.-
663 2229 748 2298 Supra
770 2228 838 2297 §34
866 2219 1017 2294 quacunque
1044 2227 1136 2289 uelint,
1163 2242 1259 2279 summo
1283 2242 1340 2279 cum
1365 2227 1474 2296 imperio

314 2315 461 2382 iudiciaque
486 2330 574 2366 rerum
602 2313 715 2383 omnium
737 2311 833 2380 vapori
858 2317 888 2362 ut
912 2311 991 2364 liccat
1015 2311 1215 2376 conceditur‚·§
1232 2311 1266 2365 53
1290 2309 1386 2364 Volitut
1407 2313 1474 2381 euim

312 2408 373 2453 unte
405 2400 492 2451 ocules
526 2398 635 2449 istorum
665 2397 743 2461 Iuba,
779 2411 858 2465 qnare
888 2397 985 2465 vagari
1015 2401 1041 2449 et
1067 2397 1177 2451 volitare
1209 2398 1427 2467 coniunguntur,'
1443 2402 1474 2452 ut

311 2486 380 2538 Pbil.
389 2484 437 2547 XI,
451 2481 508 2545 3,6
525 2481 564 2533 Et
579 2499 649 2534 nunc
667 2489 721 2534 tota
737 2482 806 2534 Asia
822 2489 947 2550 vagatur,
964 2481 1058 2533 uolitat
1074 2488 1105 2533 ut
1119 2497 1174 2535 rea.
1192 2509 1226 2518 -
1244 2483 1341 2551 lapibus
1358 2482 1473 2536 omuibus

311 2568 392 2627 soluti
409 2568 426 2618 i.
442 2553 467 2619 'a
485 2565 560 2617 liberi
582 2564 615 2616 ab
637 2564 755 2617 omnibus
778 2564 891 2634 legibus,
913 2581 963 2618 non
989 2566 1058 2633 quod
1080 2566 1182 2634 excepti
1207 2571 1295 2619 essent
1315 2569 1472 2637 nominatim,

311 2655 361 2709 sed
378 2651 448 2720 quod
466 2651 634 2703 alienatione
652 2650 684 2702 iis
702 2665 753 2702 nou
771 2652 927 2701 tenerentur.
967 2649 1033 2702 Nam
1055 2648 1150 2701 iudicia
1172 2665 1224 2702 non
1241 2651 1343 2716 timent,
1366 2653 1410 2720 qni
1427 2666 1473 2718 per

313 2741 515 2812 quinquennium
532 2740 688 2807 potestatem
706 2737 810 2801 habent,
829 2735 894 2789 elios
912 2736 1087 2805 magistratus,
1103 2735 1121 2786 i.
1131 2749 1154 2786 e.
1172 2737 1320 2802 praeturam
1337 2739 1363 2788 et
1381 2750 1473 2789 consu-

313 2829 392 2882 latum
404 2831 493 2896 petere
509 2829 629 2894 possunt,
646 2825 706 2893 quia
723 2826 749 2878 in
767 2824 801 2877 iis
817 2822 928 2892 legibus,
945 2836 1010 2889 quae
1028 2821 1172 2874 continuari
1194 2821 1359 2890 magistratus
1376 2820 1472 2885 uetant,

313 2914 391 2968 Xriri
413 2928 464 2965 non
487 2914 659 2965 nominantur.
696 2909 735 2963 Gi.
753 2913 768 2976 ξ
785 2910 828 2963 34,
854 2937 888 2947 -
916 2908 952 2959 ad
964 2907 1091 2976 populum
1107 2905 1254 2959 Romanum
1275 2923 1321 2959 aas
1343 2906 1472 2960 adducere

304 3001 332 3053 -ί,
351 3016 374 3053 e.
392 3000 420 3051 in
437 2998 560 3050 iudicium
572 2996 662 3064 populi
675 3012 775 3051 vocare
802 2996 910 3064 Proprie
924 2998 951 3046 et
968 2995 996 3046 iu
1013 2994 1054 3046 ius
1066 2994 1142 3046 educi
1158 2993 1276 3048 dicuntur
1293 2993 1363 3060 (ride
1381 2992 1432 3046 Cic
1444 3009 1471 3062 p.

312 3085 400 3138 Plano.
420 3083 461 3146 23,
479 3083 521 3147 55,
539 3100 565 3152 p.
584 3082 684 3145 Quinct.
703 3083 727 3146 9,
745 3081 787 3146 33,
805 3082 833 3133 in
851 3081 924 3134 Verr.
942 3079 986 3143 ΙΙΙ,
1005 3078 1106 3143 tatu)
1124 3082 1150 3131 et
1167 3079 1196 3130 iu
1218 3079 1344 3134 iudicium
1367 3079 1471 3144 adduci,

313 3156 384 3224 ielut
400 3187 427 3238 p.
445 3171 522 3223 Rosc.
540 3167 701 3232 Am.10,2s
719 3168 886 3221 condemnari
903 3183 960 3220 eum
979 3173 1104 3235 oportere,
1122 3165 1168 3234 qui
1179 3166 1283 3236 primus
1300 3167 1330 3219 ia
1346 3162 1472 3221 iudicidan

312 3258 440 3313 adductus
458 3262 530 3318 esset,
547 3272 573 3323 p.
593 3253 693 3307 Cluent.
707 3255 748 3318 ΙΙ,
759 3253 794 3306 48
812 3254 869 3321 quia
887 3252 1005 3322 apertior
1022 3252 1050 3304 iu
1067 3252 1193 3305 iudicium
1210 3253 1337 3305 adductus
1355 3254 1412 3305 ceti
1436 3251 1473 3305 At

260 3373 263 3385 ·
306 3343 490 3413 producuntur
507 3344 587 3394 testes
605 3341 700 3408 quique
717 3340 821 3391 testium
832 3338 889 3391 loco
906 3339 1105 3409 interrogantur,
1122 3339 1194 3393 velut
1209 3338 1402 3408 magistratibus
1412 3338 1472 3391 lice-

309 3432 424 3484 batnon
445 3430 522 3483 modo
540 3428 605 3482 alios
627 3428 806 3496 magistratus,
828 3442 916 3480 verum
939 3427 1018 3479 etiarn
1035 3427 1149 3494 privatos
1167 3425 1282 3478 homines
1304 3424 1332 3477 in
1355 3423 1472 3476 contione

309 3520 475 3586 interrogare.
516 3516 561 3569 Sic
577 3515 628 3568 (lic.
651 3515 727 3582 epist.
744 3512 809 3578 Xll,
826 3513 1002 3583 3productus
1028 3513 1057 3564 ic
1079 3511 1221 3564 cautionem
1243 3528 1261 3562 a
1287 3507 1415 3563 Cannutio
1437 3536 1471 3546 -

309 3619 342 3657 ec
359 3601 441 3666 aicta
458 3618 484 3670 p.
502 3602 570 3655 Sest.
590 3603 635 3664 14,
653 3599 687 3652 33
705 3599 820 3652 consulas
833 3599 961 3667 producti
978 3599 1005 3650 in
1028 3598 1099 3651 circo
1116 3594 1248 3649 Flaminio
1269 3595 1298 3648 iu
1315 3593 1470 3657 cantionem

309 3705 335 3757 p.
345 3689 413 3743 dcrn.
424 3687 506 3752 laec
524 3694 552 3740 tu
569 3686 607 3740 M.
625 3685 747 3739 Bibulum
764 3686 792 3737 in
810 3685 961 3747 cantionem,
980 3691 1008 3736 tu
1025 3698 1137 3752 augures
1152 3681 1317 3751 produxisti,
1330 3682 1357 3734 in
1367 3678 1440 3733 Verr.
1449 3679 1470 3744 Ι,

308 3774 353 3838 47,
371 3773 422 3826 lua
440 3770 655 3840 tribunusplebis
676 3799 711 3808 -
734 3787 792 3823 aum
809 3786 879 3832 eum,
904 3784 978 3837 quem
999 3768 1047 3820 iste
1069 3767 1153 3835 virgis
1175 3766 1306 3820 ceciderat
1321 3766 1350 3818 ia
1367 3781 1471 3836 coaepa-

310 3866 378 3912 ctum
395 3858 491 3928 populi
507 3857 622 3910 Romani
643 3857 825 3926 produxisset,-
841 3839 881 3908 'ad
900 3857 954 3908 au.
972 3855 1009 3919 Π,
1027 3855 1076 3918 24,
1093 3852 1110 3905 3
1129 3851 1227 3906 Caesar
1249 3881 1283 3891 -
1309 3850 1420 3905 Vettium
1443 3851 1471 3904 ia

308 3952 397 3998 rostra
409 3944 545 4013 producit,
563 3942 676 4009 saepius.
712 3942 764 3994 Sed
781 3943 858 4011 paulo
876 3945 937 4010 post
952 3940 1047 3993 iniuria
1065 3954 1152 3994 omnes
1177 3939 1334 3992 recentiores
1358 3936 1470 3992 editores

311 4030 343 4084 ab
366 4029 499 4084 codicibus
521 4027 630 4084 deficere
652 4028 767 4082 videmus
789 4030 930 4082 scribentes
953 4044 1005 4080 aaa
1020 4033 1124 4080 secatus
1145 4041 1242 4094 cogere.
1278 4024 1345 4078 Nam
1365 4026 1469 4079 senatus
1510 4043 1512 4046 ’

310 4115 376 4183 ipse,
393 4114 417 4168 si
434 4115 538 4182 proprie
554 4113 697 4182 loquamur,
715 4127 809 4182 cogere
826 4129 878 4166 non
894 4115 988 4181 potest.
1013 4113 1053 4164 At
1067 4112 1096 4164 in
1113 4118 1229 4164 renatum
1240 4126 1331 4180 copae
1348 4113 1388 4164 est
1402 4126 1470 4164 com·
1512 4128 1515 4132 ⁴

310 4201 414 4269 pellere,
431 4203 462 4255 ut
477 4201 505 4252 in
522 4202 639 4252 senatum
650 4200 747 4264 venias,
766 4216 817 4253 non
830 4198 906 4253 modo
919 4203 948 4252 ut
960 4199 1030 4253 adsis
1048 4202 1075 4252 et
1092 4198 1182 4252 audias
1199 4201 1226 4250 et
1238 4198 1360 4250 decernas
1374 4196 1470 4265 (quem-

313 4286 449 4340 admodum
466 4287 560 4355 legitur
576 4285 642 4338 Pbil.
661 4284 685 4348 Ι,
703 4285 734 4349 5,
753 4286 784 4338 11
814 4284 886 4348 Quid
902 4286 1005 4338 taudem
1021 4292 1080 4338 erat
1101 4300 1209 4348 causae,
1235 4300 1282 4336 cur
1303 4285 1333 4335 iu
1354 4288 1470 4335 secutum

313 4371 429 4425 tamnu
447 4371 489 4424 die
506 4378 559 4423 tam
581 4369 672 4423 werbe
689 4371 818 4438 caperer),
844 4386 932 4422 rerum
955 4371 1032 4423 etiam
1049 4373 1079 4423 ut
1104 4371 1278 4436 interrogatus
1304 4355 1468 4436 respondeas.
1491 4412 1494 4417 .

314 4456 389 4512 liudo
406 4456 504 4522 Xuiros
522 4456 589 4510 dixit
605 4469 657 4510 non
673 4469 750 4524 posse
767 4456 834 4525 cogi,
850 4458 880 4508 ut
897 4455 966 4524 apud
983 4456 1107 4525 populum
1123 4456 1248 4510 rationem
1262 4455 1385 4519 reddaut3
1402 4466 1470 4505 nunc
