3550 5492
818 573 840 614 V

248 709 459 784 litterarum
481 721 693 784 nostrarum
721 708 881 784 studiosi
901 721 1013 783 erunt
1032 708 1274 809 criticamque
1290 721 1409 786 artem

189 897 195 904 .
249 838 391 913 discere
425 838 595 938 cupient,
629 837 800 937 quamvis
832 838 910 912 fere
943 838 1182 913 librariorum
1218 839 1408 915 erroribus

248 965 474 1066 ineptiisque
501 977 659 1060 constet,
687 966 929 1042 utilissimum
956 992 1037 1042 esse
1065 980 1308 1067 cognoscent.

219 1093 222 1098 ⁴
352 1098 478 1195 Atque
509 1097 602 1171 haec
634 1095 785 1195 quidem
819 1097 865 1170 de
892 1095 1055 1171 editione
1088 1109 1218 1172 nostra
1249 1098 1408 1172 dicenda

247 1214 366 1315 erant,
387 1225 575 1300 orationes
595 1234 722 1299 autem
746 1225 816 1298 hae
835 1224 1031 1299 Tullianae
1050 1225 1152 1324 ipsae
1173 1237 1217 1300 ut
1236 1227 1408 1327 placeant
1440 1297 1444 1304 .

246 1353 581 1428 commendationis
609 1365 759 1428 nostrae
784 1379 860 1427 non
888 1353 1076 1453 indigent:
1111 1381 1204 1452 quas
1231 1357 1271 1428 in
1298 1382 1405 1456 prae·

245 1482 486 1557 stantissimis
507 1482 742 1581 eloquentiae
762 1482 1018 1557 monumentis
1045 1484 1297 1562 numerandas
1324 1510 1406 1575 esse

244 1636 374 1686 omnes
395 1611 649 1704 consentiunt,
667 1611 872 1710 antiquitas
891 1612 1041 1710 quidem
1055 1613 1153 1688 hanc
1167 1614 1215 1686 ob
1229 1638 1307 1687 rem
1328 1639 1406 1688 ma·

241 1741 347 1815 xima
379 1739 623 1815 admiratione
639 1741 805 1856 ‚afficere
840 1740 1001 1833 solebat,
1037 1742 1138 1840 quod
1168 1741 1326 1841 perfecit
1357 1741 1403 1816 iis

243 1868 385 1960 (licere,
405 1869 506 1968 quod
527 1846 722 1968 nunquam
740 1869 831 1942 alias
850 1868 888 1941 in
909 1894 986 1968 rep.
1006 1869 1175 1944 Romana
1192 1869 1339 1962 accidit,
1360 1881 1404 1946 ut

190 2008 192 2012 ’
238 1998 345 2098 plebs
373 2024 483 2072 suum
502 1997 584 2097 ipsa
601 1998 841 2072 commodum
858 1996 1176 2096 largitionemque
1195 2024 1263 2072 sua
1290 2024 1403 2074 eausa

241 2136 453 2226 susceptam
481 2136 748 2201 contemneret.
789 2124 920 2224 Neque
948 2125 1104 2200 dubium
1132 2136 1200 2219 est,
1229 2126 1318 2225 quin
1341 2125 1402 2202 Oi·

242 2279 328 2329 cero
360 2254 441 2354 ipse
473 2255 540 2329 has
574 2254 761 2329 orationes
794 2254 948 2355 plurimi
980 2254 1127 2330 feeerit:
1167 2281 1282 2353 quas,
1302 2281 1402 2361 *eum

239 2383 406 2459 actiones
426 2385 641 2460 consulares
659 2384 859 2484 separatim
885 2386 1022 2477 ederet,
1051 2383 1191 2459 eximia
1209 2408 1300 2459 cura
1327 2384 1401 2458 ela·

238 2511 387 2588 boravit
418 2512 729 2613 eloquentiaeque
763 2513 943 2588 studiosis
976 2525 1168 2612 tamquam
1208 2512 1400 2613 praeclara

241 2642 415 2741 exempla
439 2641 647 2741 proposuit.
686 2641 787 2716 Hinc
814 2641 916 2715 enim
943 2641 1085 2717 factum
1118 2665 1199 2716 esse
1226 2641 1399 2733 arbitror,

237 2770 340 2867 quod
373 2769 405 2841 si
437 2769 544 2842 tales
562 2780 737 2843 extarent
772 2768 901 2867 quales
940 2780 1030 2843 sunt
1055 2768 1194 2860 dictae,
1222 2769 1292 2845 vix
1318 2767 1400 2842 fieri

237 2895 381 2997 potuit,
415 2907 459 2969 ut
489 2895 717 2970 incredibilis
750 2897 848 2970 inter
880 2890 979 2988 eam,
1013 2921 1110 2995 quae
1137 2895 1215 2970 Oal.
1248 2895 1328 2968 lan.
1356 2895 1394 2968 in

236 3035 373 3100 senatu
400 3036 438 3098 et
464 3023 563 3097 inter
589 3051 687 3117 eam,
722 3051 817 3124 quae
849 3024 979 3125 paucis
1013 3025 1144 3098 diebus
1176 3033 1263 3125 post
1296 3025 1396 3123 apud

235 3154 419 3255 populum
445 3152 574 3228 habita
600 3166 668 3246 est,
697 3154 877 3229 existeret
901 3153 1117 3231 similitudo.
1168 3152 1274 3228 Adeo
1293 3162 1398 3226 utro·

236 3308 311 3381 que
338 3294 504 3382 tempore
528 3283 656 3358 eadem
684 3293 722 3357 et
740 3281 953 3382 argumenti
980 3280 1225 3381 dispositione
1244 3291 1283 3353 et
1310 3305 1394 3355 sen·

235 3411 440 3487 tertiarum
478 3413 754 3509 verborumque
793 3410 982 3497 electione,
1014 3434 1057 3484 ae
1096 3408 1394 3484 conformatione

235 3565 330 3613 usus
357 3551 425 3613 est.
471 3539 637 3630 Quarum
666 3538 879 3612 orationum
908 3538 1125 3611 alterutram
1151 3537 1216 3635 qui
1242 3535 1400 3635 penitus

234 3667 421 3766 cognorit,
449 3668 545 3741 nihil
563 3668 664 3764 quod
694 3666 731 3740 in
760 3666 877 3740 altera
902 3666 1015 3740 ullam
1043 3662 1303 3738 difficultatem
1330 3662 1395 3735 ha-

234 3797 323 3870 beat
354 3796 525 3896 reperiet.
556 3796 713 3893 vItaque
741 3821 827 3886 noe,
855 3821 940 3869 cum
967 3792 1120 3894 prioris,
1148 3789 1307 3888 quaein
1337 3815 1394 3863 se·

234 3935 325 3999 natu
360 3924 490 3997 habita
521 3936 595 4016 est,
628 3949 803 4022 magnam
834 3915 979 4022 partem
1012 3919 1151 3993 iniuria
1182 3930 1393 4017 temporum

228 4026 380 4144 delerit,
407 4053 505 4125 hanc
531 4052 713 4126 rationem
733 4051 937 4141 tenuimus,
965 4061 1009 4123 ut
1027 4048 1146 4140 alteri,
1174 4072 1268 4146 quae
1296 4046 1392 4119 inte-

234 4207 306 4280 gra
331 4180 378 4252 ad
406 4205 475 4253 nos
502 4180 684 4278 pervenit,
713 4203 808 4278 quae
835 4178 935 4277 apud
961 4177 1142 4276 populum
1168 4175 1296 4249 habita
1322 4186 1390 4266 est,

195 4321 206 4339 ⁰
234 4307 584 4408 interpretationem
611 4318 778 4380 nostram
805 4304 1063 4398 adiiceremus,
1090 4305 1128 4378 in
1157 4303 1280 4404 priore
1308 4313 1391 4377 tan·

234 4449 317 4511 tum
344 4462 439 4534 quae
466 4436 579 4510 huius
606 4434 757 4534 propria
783 4445 910 4508 essent
935 4444 1161 4508 annotantes
1187 4431 1307 4506 multo
1333 4458 1392 4504 ar·

232 4563 393 4639 tioribus
421 4563 560 4638 finibus
588 4562 878 4638 contineremur.
907 4562 1173 4637 'Discessimus
1200 4561 1317 4660 igitur
1343 4559 1390 4632 ab
