3550 5492
784 560 851 601 XXV

232 694 382 758 virtutem
403 693 641 785 imminuemus,
663 695 717 760 sed
738 716 807 759 eam
828 702 934 761 tamen
955 717 1018 761 non
1039 695 1169 761 eandem
1188 719 1254 762 esse
1276 699 1391 765 intelli-

234 827 341 888 gemus
368 806 403 871 in
424 806 581 887 omnibus,
615 826 691 889 quos
718 806 828 889 habet,
853 785 951 872 'libris
980 807 1143 873 Tullianis.
1188 809 1237 873 Sit
1258 809 1391 894 optimus
1500 799 1505 806 ’

232 917 268 981 11
289 917 375 1000 aliis,
398 923 715 1002 (111111111111111
736 919 856 995 sincera
877 918 1032 1005 exempla,
1061 919 1115 1004 qui
1137 941 1209 984 eum
1231 920 1391 1004 scribebat,

232 1033 344 1093 nactus
371 1033 451 1110 erat,
485 1029 612 1093 1111111
634 1035 714 1094 certe
741 1030 845 1095 minus
885 1036 933 1095 est
954 1029 1130 1115 probabilis.
1174 1032 1280 1116 Neque
1308 1033 1393 1098 enim

234 1160 307 1206 eum
328 1161 366 1204 ex
388 1161 450 1205 nno
472 1139 576 1226 aliquo
597 1142 736 1227 exemplo
757 1142 940 1227 repetitum,
962 1142 1017 1206 sed
1038 1163 1075 1205 ex
1096 1142 1205 1207 multis
1227 1144 1392 1211 concinna·

233 1258 301 1317 tum
330 1272 397 1316 esse
417 1251 488 1336 ipsa
513 1254 645 1318 uarietas
667 1274 703 1317 ao
723 1253 804 1318 mira
825 1253 963 1318 confusio
990 1252 1139 1317 librorum
1166 1253 1391 1337 Tullianorum,

233 1383 312 1447 quos-
330 1363 485 1445 continet,
506 1362 606 1443 docet3
629 1363 782 1449 siquidem
803 1369 872 1449 post
893 1363 987 1428 libros
1009 1363 1046 1427 de
1069 1362 1176 1429 officiis
1197 1365 1392 1449 reperiuntur

232 1474 267 1539 in
289 1496 323 1539 eo
338 1474 497 1555 rhetorici,
529 1480 598 1539 tum
620 1475 795 1541 consulares
817 1475 984 1557 orationes,
1017 1481 1085 1540 tum
1106 1481 1175 1560 post
1196 1475 1392 1540 consulatum

217 1587 373 1670 habitae,
409 1592 478 1652 tum
506 1608 614 1652 rursus
645 1587 835 1669 consulares,
872 1594 940 1653 tum
975 1587 1138 1669 11111111,
1157 1575 1215 1674 J'ne
1247 1587 1392 1672 epistolae

231 1699 359 1784 quidem
379 1704 626 1785 praetereuntur,
650 1698 838 1783 extremique
859 1687 944 1763 nuuc
965 1697 1090 1782 quidem
1112 1704 1188 1762 sunt
1200 1697 1274 1764 Cato
1295 1699 1392 1764 maior
1428 1698 1430 1703 ’

232 1816 264 1875 11
286 1809 424 1874 Laelius:
452 1830 544 1894 quem
567 1810 716 1875 librorum
738 1810 875 1875 ordinem
897 1810 932 1874 in
954 1809 1039 1874 nullo
1063 1808 1259 1892 antiquitatis
1281 1810 1393 1875 Roma-

232 1941 292 1984 nae
314 1919 415 1984 codice
442 1921 553 2005 fnisse,
587 1922 649 1986 sed
662 1921 797 1987 hominis
825 1921 930 1985 omnia
957 1942 1037 2006 quae
1057 1921 1173 2004 ubique
1196 1927 1392 2009 111111111-

232 2031 384 2116 quirentis
406 2031 511 2097 studio
533 2032 673 2097 extitisse
693 2031 892 2118 perspicuum
914 2038 969 2097 est.
1014 2033 1114 2109 Quare
1128 2030 1179 2095 hic
1193 2031 1271 2096 liber
1285 2032 1393 2096 Erfur-
1425 2058 1433 2080 =

232 2143 344 2224 tensis,
379 2143 521 2226 quamvis
549 2143 717 2228 multiplici
750 2143 865 2208 virtute
900 2128 1045 2224 excellat,
1083 2136 1243 2232 nunquam
1271 2164 1307 2208 eo
1328 2145 1393 2210 loco

232 2252 393 2318 habendus
414 2255 482 2344 erit,
512 2275 572 2338 quo
593 2254 621 2319 si
642 2254 697 2339 qui
719 2274 818 2319 unum
840 2275 938 2338 genus
967 2254 1149 2340 scriptorum
1177 2254 1392 2321 Tullianorum

232 2387 304 2430 oum
326 2365 386 2429 tide
408 2387 446 2429 ex
468 2365 695 2450 antiquissimis
718 2365 873 2431 codicibus
896 2364 1062 2450 repetitum
1084 2347 1252 2431 continent.
1296 2368 1391 2442 Acce·

233 2477 297 2558 dit,
320 2475 401 2560 quod
422 2476 456 2541 in
478 2476 528 2541 his
551 2477 675 2560 quidem
688 2477 886 2549 orationibus
909 2477 1038 2560 agrariis
1059 2476 1221 2541 librarium
1242 2477 1393 2543 11111111

232 2588 396 2672 diligentia
416 2588 466 2653 vel
487 2589 547 2652 fide
569 2610 661 2653 usum
684 2610 749 2653 esse
771 2589 926 2654 videmus:
953 2610 1016 2653 non
1038 2588 1234 2678 simpliciter,
1256 2589 1337 2673 quod
1359 2589 1393 2654 in

232 2699 372 2786 principe
394 2699 447 2765 illo
469 2699 571 2765 codice
592 2698 816 2784 reperiebatur,
839 2698 962 2780 retulit,
996 2697 1050 2762 sed
1071 2697 1275 2763 emendatoris
1297 2692 1393 2785 parti-

232 2813 291 2876 bus
314 2809 466 2895 susceptis
486 2809 622 2874 mutavit
643 2830 678 2873 ao
701 2809 739 2873 de
760 2829 815 2874 suo
829 2808 954 2891 ingenio
975 2808 1096 2873 adiecit.
1139 2808 1203 2873 Hoc
1225 2828 1393 2893 exgenere

232 2928 297 3005 est,
320 2921 403 3007 quod
423 2921 468 3002 Π,
494 2921 549 3003 15,
573 2921 614 2986 38
636 2916 761 3005 scripsit
781 2922 933 3004 quidquid
953 2917 1058 3002 191111,
1081 2940 1152 2984 oum
1166 2918 1277 3004 reliqui
1289 2941 1394 2985 omnes

233 3034 352 3100 codices
374 3033 509 3098 habeant
529 3034 681 3118 quidquid
702 3055 786 3115 erpo.
830 3030 986 3096 Nimirum
1015 3051 1077 3096 non
1104 3026 1203 3096 multo
1225 3035 1296 3095 ante
1319 3015 1392 3115 erpo

232 3143 396 3232 praecedit,
414 3144 656 3231 displicebatque
685 3143 822 3214 eiusdem
845 3141 1070 3207 coniunctionis
1097 3141 1181 3206 intra
1208 3142 1299 3207 breve
1322 3164 1392 3229 spa-

232 3257 314 3322 tium
341 3256 491 3341 repetitio.
536 3255 699 3341 Similique
729 3255 767 3319 de
795 3275 888 3320 causa
919 3234 1113 3340 improbabat
1134 3253 1215 3340 quod
1235 3255 1265 3337 I,
1295 3257 1329 3337 7,
1352 3255 1394 3318 22

233 3350 283 3433 111
300 3365 441 3453 Capuam
456 3379 484 3432 et
497 3370 589 3433 ardes
612 3373 695 3434 circa
720 3365 862 3452 Capuam
882 3365 1065 3452 scripsitque
1090 3363 1231 3451 Capuam
1253 3379 1281 3431 et
1301 3368 1393 3431 arbec

235 3485 410 3546 circaeam.
432 3479 510 3544 Item
523 3500 561 3543 ex
573 3479 712 3564 ingenio,
726 3498 789 3543 non
803 3498 903 3543 errore
915 3483 1024 3542 natum
1036 3483 1097 3560 est,
1117 3477 1199 3561 quod
1210 3477 1255 3559 II,
1278 3478 1335 3558 25,
1351 3477 1392 3540 95
1457 3497 1459 3499 ’
1503 3551 1507 3557 ,

233 3592 327 3658 habet
338 3590 494 3677 illacapta
507 3603 559 3670 eat,
571 3590 644 3675 quia
655 3590 737 3674 quod
747 3589 875 3672 legebat,
891 3590 948 3654 illa
959 3599 1038 3675 apta
1050 3601 1102 3662 est,
1115 3587 1394 3669 non-intelligebam
1480 3576 1482 3581 ’

234 3709 266 3767 11
278 3703 323 3784 ll,
336 3703 388 3783 29,
401 3703 443 3767 80
458 3723 529 3766 cum
541 3700 653 3786 reliqui
665 3700 781 3766 codices
788 3701 869 3786 quod
879 3720 973 3766 sensu
984 3703 1085 3765 careat
1093 3699 1208 3785 Syriae
1221 3718 1395 3782 111111111-

233 3813 343 3894 beant,
372 3811 561 3877 Erfurtensis
589 3817 626 3877 ut
654 3811 772 3896 aliquid
797 3811 947 3876 Latinum
973 3811 1105 3875 efficeret
1132 3807 1254 3893 scripsit
1280 3809 1395 3896 Syriae

234 3949 320 3990 rura.
364 3924 467 3989 Pauca
484 3922 575 3989 attuli
594 3908 689 4008 eaque
708 3944 838 4007 qnorum
860 3927 944 3986 certa
966 3923 1046 3985 esset
1061 3919 1155 4001 ratio;
1177 3940 1251 3985 nam
1264 3920 1395 3993 aliorum

235 4056 372 4100 errorum
391 4034 501 4119 plenus
518 4039 566 4099 est
581 4034 634 4099 ille
653 4033 745 4116 liber,
768 4040 805 4098 ut
823 4053 934 4118 parum
957 4052 1022 4096 esso
1043 4031 1078 4094 in
1096 4031 1153 4112 1111
1168 4032 1293 4115 quidem
1308 4037 1399 4118 parte

234 4145 429 4232 probandum
449 4144 514 4209 iam
536 4145 591 4210 alii
611 4145 672 4211 viri
699 4144 780 4210 docti
807 4142 1032 4228 perspexerint,
1060 4142 1114 4227 qui
1141 4143 1206 4208 sola
1232 4143 1395 4208 meliorum

210 4257 375 4323 'codicum
402 4249 523 4341 inopia,
557 4261 593 4321 ut
613 4255 687 4323 huic
717 4255 916 4342 potissimum
941 4252 1034 4318 tidem
1064 4253 1227 4337 haberent,
1264 4254 1395 4320 adduce-

235 4370 360 4435 bantur.
405 4367 466 4433 Sed
491 4367 591 4451 magis
607 4366 732 4432 etiam.
749 4364 954 4431 emendatoris
987 4386 1098 4431 manus
1131 4386 1165 4430 eo
1194 4367 1394 4449 cognoscitur,

236 4481 319 4565 quod
340 4479 423 4546 solus
444 4499 534 4572 saepe
555 4463 968 4543 111111111111111111111111
990 4469 1185 4543 collocatione
1207 4477 1245 4540 ab
1267 4477 1394 4562 reliquis

236 4590 362 4673 recedit,
384 4589 500 4677 inquo
522 4589 580 4654 etsi
602 4587 726 4653 difficile
740 4593 788 4654 est
807 4587 973 4672 iudicium,
995 4595 1033 4656 ut
1045 4608 1114 4655 raro
1136 4587 1208 4652 ferri
1230 4607 1292 4651 non
1307 4606 1395 4673 posse
