<?xml version="1.0" encoding="UTF-8"?>
<!DOCTYPE html PUBLIC "-//W3C//DTD XHTML 1.0 Transitional//EN"
    "http://www.w3.org/TR/xhtml1/DTD/xhtml1-transitional.dtd">
<html xmlns="http://www.w3.org/1999/xhtml" xml:lang="en" lang="en">
 <head>
  <title>
</title>
<meta http-equiv="Content-Type" content="text/html;charset=utf-8" />
  <meta name='ocr-system' content='tesseract 3.04.00' />
  <meta name='ocr-capabilities' content='ocr_page ocr_carea ocr_par ocr_line ocrx_word'/>
</head>
<body>
  <div class='ocr_page' id='page_1' title='image "./orationestresde00cicegoog/orationestresde00cicegoog_0062.png"; bbox 0 0 3550 5492; ppageno 0'>
   <div class='ocr_carea' id='block_1_1' title="bbox 874 544 1087 608">
    <p class='ocr_par' dir='ltr' id='par_1_1' title="bbox 874 544 1087 608">
     <span class='ocr_line' id='line_1_1' title="bbox 874 544 1087 608; baseline -0.009 -15"><span class='ocrx_word' id='word_1_1' title='bbox 874 544 1087 608; x_wconf 55' lang='lat'>..22-</span> 
     </span>
    </p>
   </div>
   <div class='ocr_carea' id='block_1_2' title="bbox 358 693 1559 1930">
    <p class='ocr_par' dir='ltr' id='par_1_2' title="bbox 358 693 1559 1930">
     <span class='ocr_line' id='line_1_2' title="bbox 400 693 1558 792; baseline 0.003 -20"><span class='ocrx_word' id='word_1_2' title='bbox 400 713 573 772; x_wconf 88' lang='lat' dir='ltr'>vestrorum</span> <span class='ocrx_word' id='word_1_3' title='bbox 586 706 785 790; x_wconf 77' lang='lat' dir='ltr'><strong>fraudemque</strong></span> <span class='ocrx_word' id='word_1_4' title='bbox 806 706 882 789; x_wconf 86' lang='lat' dir='ltr'>legis</span> <span class='ocrx_word' id='word_1_5' title='bbox 906 712 937 771; x_wconf 91' lang='lat' dir='ltr'>et</span> <span class='ocrx_word' id='word_1_6' title='bbox 958 706 1099 788; x_wconf 87' lang='lat' dir='ltr'>insidias,</span> <span class='ocrx_word' id='word_1_7' title='bbox 1121 722 1204 791; x_wconf 86' lang='lat' dir='ltr'>quae</span> <span class='ocrx_word' id='word_1_8' title='bbox 1218 706 1281 792; x_wconf 88' lang='lat' dir='ltr'>ipsi</span> <span class='ocrx_word' id='word_1_9' title='bbox 1295 707 1408 792; x_wconf 90' lang='lat' dir='ltr'>populo</span> <span class='ocrx_word' id='word_1_10' title='bbox 1420 693 1558 779; x_wconf 83' lang='lat' dir='ltr'>Romano</span> 
     </span>
     <span class='ocr_line' id='line_1_3' title="bbox 400 810 1558 896; baseline 0.003 -21"><span class='ocrx_word' id='word_1_11' title='bbox 400 833 420 875; x_wconf 89' lang='lat' dir='ltr'>a</span> <span class='ocrx_word' id='word_1_12' title='bbox 441 811 640 896; x_wconf 87' lang='lat' dir='ltr'>popularibus</span> <span class='ocrx_word' id='word_1_13' title='bbox 662 810 795 875; x_wconf 89' lang='lat' dir='ltr'>tribunis</span> <span class='ocrx_word' id='word_1_14' title='bbox 815 812 913 896; x_wconf 86' lang='lat' dir='ltr'>plebis</span> <span class='ocrx_word' id='word_1_15' title='bbox 935 813 1020 893; x_wconf 78' lang='lat' dir='ltr'>liant,</span> <span class='ocrx_word' id='word_1_16' title='bbox 1043 812 1265 896; x_wconf 84' lang='lat' dir='ltr'>pertimescam,</span> <span class='ocrx_word' id='word_1_17' title='bbox 1290 812 1394 894; x_wconf 89' lang='lat' dir='ltr'>credo,</span> <span class='ocrx_word' id='word_1_18' title='bbox 1418 834 1458 877; x_wconf 93' lang='lat' dir='ltr'>ne</span> <span class='ocrx_word' id='word_1_19' title='bbox 1482 814 1558 878; x_wconf 91' lang='lat' dir='ltr'>mihi</span> 
     </span>
     <span class='ocr_line' id='line_1_4' title="bbox 400 915 1559 1001; baseline 0.002 -22"><span class='ocrx_word' id='word_1_20' title='bbox 400 935 464 979; x_wconf 92' lang='lat' dir='ltr'>non</span> <span class='ocrx_word' id='word_1_21' title='bbox 479 915 571 980; x_wconf 81' lang='lat' dir='ltr'>hcoat</span> <span class='ocrx_word' id='word_1_22' title='bbox 585 920 691 980; x_wconf 89' lang='lat' dir='ltr'>eontra</span> <span class='ocrx_word' id='word_1_23' title='bbox 711 935 765 979; x_wconf 88' lang='lat' dir='ltr'>vos</span> <span class='ocrx_word' id='word_1_24' title='bbox 786 917 821 980; x_wconf 94' lang='lat' dir='ltr'>in</span> <span class='ocrx_word' id='word_1_25' title='bbox 843 917 983 981; x_wconf 86' lang='lat' dir='ltr'>contione</span> <span class='ocrx_word' id='word_1_26' title='bbox 999 917 1174 995; x_wconf 71' lang='lat' dir='ltr'>consistere,</span> <span class='ocrx_word' id='word_1_27' title='bbox 1190 916 1371 1001; x_wconf 87' lang='lat' dir='ltr'>praesertim</span> <span class='ocrx_word' id='word_1_28' title='bbox 1386 936 1459 981; x_wconf 91' lang='lat' dir='ltr'>eum</span> <span class='ocrx_word' id='word_1_29' title='bbox 1482 915 1559 981; x_wconf 85' lang='lat' dir='ltr'>milri</span> 
     </span>
     <span class='ocr_line' id='line_1_5' title="bbox 402 1017 1558 1105; baseline 0.003 -24"><span class='ocrx_word' id='word_1_30' title='bbox 402 1017 604 1083; x_wconf 87' lang='lat' dir='ltr'>deliberatum</span> <span class='ocrx_word' id='word_1_31' title='bbox 626 1024 657 1082; x_wconf 90' lang='lat' dir='ltr'>et</span> <span class='ocrx_word' id='word_1_32' title='bbox 678 1018 882 1084; x_wconf 90' lang='lat' dir='ltr'>constitutum</span> <span class='ocrx_word' id='word_1_33' title='bbox 904 1020 1034 1102; x_wconf 66' lang='lat' dir='ltr'>etanta</span> <span class='ocrx_word' id='word_1_34' title='bbox 1055 1041 1159 1104; x_wconf 90' lang='lat' dir='ltr'>gerere</span> <span class='ocrx_word' id='word_1_35' title='bbox 1180 1020 1390 1101; x_wconf 88' lang='lat' dir='ltr'>consulatum,</span> <span class='ocrx_word' id='word_1_36' title='bbox 1413 1021 1476 1105; x_wconf 84' lang='lat' dir='ltr'>quo</span> <span class='ocrx_word' id='word_1_37' title='bbox 1499 1041 1558 1085; x_wconf 91' lang='lat' dir='ltr'>uno</span> 
     </span>
     <span class='ocr_line' id='line_1_6' title="bbox 402 1117 1558 1215; baseline 0.004 -34"><span class='ocrx_word' id='word_1_38' title='bbox 402 1117 492 1182; x_wconf 93' lang='lat' dir='ltr'>modo</span> <span class='ocrx_word' id='word_1_39' title='bbox 515 1118 579 1215; x_wconf 82' lang='lat' dir='ltr'>geri</span> <span class='ocrx_word' id='word_1_40' title='bbox 601 1119 735 1202; x_wconf 88' lang='lat' dir='ltr'>graviter</span> <span class='ocrx_word' id='word_1_41' title='bbox 758 1126 789 1186; x_wconf 91' lang='lat' dir='ltr'>et</span> <span class='ocrx_word' id='word_1_42' title='bbox 809 1121 906 1186; x_wconf 90' lang='lat' dir='ltr'>libere</span> <span class='ocrx_word' id='word_1_43' title='bbox 928 1128 1043 1207; x_wconf 87' lang='lat' dir='ltr'>potest,</span> <span class='ocrx_word' id='word_1_44' title='bbox 1067 1130 1104 1189; x_wconf 91' lang='lat' dir='ltr'>ut</span> <span class='ocrx_word' id='word_1_45' title='bbox 1124 1144 1223 1207; x_wconf 91' lang='lat' dir='ltr'>nequo</span> <span class='ocrx_word' id='word_1_46' title='bbox 1245 1123 1436 1208; x_wconf 86' lang='lat' dir='ltr'>provinciam</span> <span class='ocrx_word' id='word_1_47' title='bbox 1459 1143 1558 1206; x_wconf 91' lang='lat' dir='ltr'>neque</span> 
     </span>
     <span class='ocr_line' id='line_1_7' title="bbox 402 1221 1558 1313; baseline 0.005 -28"><span class='ocrx_word' id='word_1_48' title='bbox 402 1221 548 1289; x_wconf 81' lang='lat' dir='ltr'>honorem</span> <span class='ocrx_word' id='word_1_49' title='bbox 570 1242 671 1305; x_wconf 90' lang='lat' dir='ltr'>neque</span> <span class='ocrx_word' id='word_1_50' title='bbox 694 1230 910 1289; x_wconf 90' lang='lat' dir='ltr'>ornamentum</span> <span class='ocrx_word' id='word_1_51' title='bbox 933 1227 1058 1312; x_wconf 83' lang='lat' dir='ltr'>aliquod</span> <span class='ocrx_word' id='word_1_52' title='bbox 1080 1235 1134 1294; x_wconf 90' lang='lat' dir='ltr'>eut</span> <span class='ocrx_word' id='word_1_53' title='bbox 1155 1229 1348 1293; x_wconf 88' lang='lat' dir='ltr'>commodum</span> <span class='ocrx_word' id='word_1_54' title='bbox 1370 1249 1471 1313; x_wconf 90' lang='lat' dir='ltr'>neque</span> <span class='ocrx_word' id='word_1_55' title='bbox 1494 1248 1558 1303; x_wconf 88' lang='lat' dir='ltr'>rem</span> 
     </span>
     <span class='ocr_line' id='line_1_8' title="bbox 402 1325 1556 1418; baseline 0.004 -27"><span class='ocrx_word' id='word_1_56' title='bbox 402 1325 515 1408; x_wconf 87' lang='lat' dir='ltr'>ullam,</span> <span class='ocrx_word' id='word_1_57' title='bbox 539 1347 658 1410; x_wconf 84' lang='lat' dir='ltr'>queoa</span> <span class='ocrx_word' id='word_1_58' title='bbox 685 1328 810 1393; x_wconf 88' lang='lat' dir='ltr'>tribuno</span> <span class='ocrx_word' id='word_1_59' title='bbox 837 1329 936 1414; x_wconf 88' lang='lat' dir='ltr'>plebis</span> <span class='ocrx_word' id='word_1_60' title='bbox 965 1331 1109 1417; x_wconf 90' lang='lat' dir='ltr'>impediri</span> <span class='ocrx_word' id='word_1_61' title='bbox 1130 1332 1241 1418; x_wconf 83' lang='lat' dir='ltr'>possit,</span> <span class='ocrx_word' id='word_1_62' title='bbox 1270 1332 1464 1416; x_wconf 75' lang='lat' dir='ltr'>appetiturus</span> <span class='ocrx_word' id='word_1_63' title='bbox 1489 1331 1556 1396; x_wconf 89' lang='lat' dir='ltr'>sim.</span> 
     </span>
     <span class='ocr_line' id='line_1_9' title="bbox 358 1429 1558 1522; baseline 0.004 -30"><span class='ocrx_word' id='word_1_64' title='bbox 358 1429 485 1522; x_wconf 61' lang='lat' dir='ltr'>tfaDicit</span> <span class='ocrx_word' id='word_1_65' title='bbox 511 1429 759 1513; x_wconf 83' lang='lat' dir='ltr'>frequentissimo</span> <span class='ocrx_word' id='word_1_66' title='bbox 787 1439 897 1498; x_wconf 91' lang='lat' dir='ltr'>senatu</span> <span class='ocrx_word' id='word_1_67' title='bbox 924 1433 1032 1498; x_wconf 89' lang='lat' dir='ltr'>consul</span> <span class='ocrx_word' id='word_1_68' title='bbox 1055 1434 1119 1498; x_wconf 86' lang='lat' dir='ltr'>Cal.</span> <span class='ocrx_word' id='word_1_69' title='bbox 1142 1435 1208 1498; x_wconf 90' lang='lat' dir='ltr'>lan.</span> <span class='ocrx_word' id='word_1_70' title='bbox 1231 1453 1314 1514; x_wconf 89' lang='lat' dir='ltr'>sese,</span> <span class='ocrx_word' id='word_1_71' title='bbox 1335 1433 1362 1498; x_wconf 91' lang='lat' dir='ltr'>si</span> <span class='ocrx_word' id='word_1_72' title='bbox 1386 1438 1488 1498; x_wconf 75' lang='lat' dir='ltr'>statius</span> <span class='ocrx_word' id='word_1_73' title='bbox 1511 1433 1558 1497; x_wconf 82' lang='lat' dir='ltr'>hie</span> 
     </span>
     <span class='ocr_line' id='line_1_10' title="bbox 400 1521 1559 1620; baseline 0.003 -22"><span class='ocrx_word' id='word_1_74' title='bbox 400 1532 586 1619; x_wconf 86' lang='lat' dir='ltr'>reipublicae</span> <span class='ocrx_word' id='word_1_75' title='bbox 608 1521 735 1600; x_wconf 86' lang='lat' dir='ltr'>maneat</span> <span class='ocrx_word' id='word_1_76' title='bbox 756 1551 855 1620; x_wconf 86' lang='lat' dir='ltr'>neque</span> <span class='ocrx_word' id='word_1_77' title='bbox 878 1537 964 1601; x_wconf 88' lang='lat' dir='ltr'>aliud</span> <span class='ocrx_word' id='word_1_78' title='bbox 978 1538 1136 1620; x_wconf 82' lang='lat' dir='ltr'>negotium</span> <span class='ocrx_word' id='word_1_79' title='bbox 1159 1536 1305 1618; x_wconf 82' lang='lat' dir='ltr'>extiterit,</span> <span class='ocrx_word' id='word_1_80' title='bbox 1328 1537 1409 1620; x_wconf 92' lang='lat' dir='ltr'>quod</span> <span class='ocrx_word' id='word_1_81' title='bbox 1431 1536 1559 1601; x_wconf 83' lang='lat' dir='ltr'>honeste</span> 
     </span>
     <span class='ocr_line' id='line_1_11' title="bbox 400 1639 1559 1725; baseline 0.002 -23"><span class='ocrx_word' id='word_1_82' title='bbox 400 1639 610 1720; x_wconf 82' lang='lat' dir='ltr'>subterfugere</span> <span class='ocrx_word' id='word_1_83' title='bbox 633 1659 694 1702; x_wconf 93' lang='lat' dir='ltr'>non</span> <span class='ocrx_word' id='word_1_84' title='bbox 717 1639 827 1722; x_wconf 87' lang='lat' dir='ltr'>possit,</span> <span class='ocrx_word' id='word_1_85' title='bbox 851 1640 885 1703; x_wconf 91' lang='lat' dir='ltr'>in</span> <span class='ocrx_word' id='word_1_86' title='bbox 907 1641 1099 1725; x_wconf 87' lang='lat' dir='ltr'>provinciam</span> <span class='ocrx_word' id='word_1_87' title='bbox 1126 1662 1189 1706; x_wconf 92' lang='lat' dir='ltr'>non</span> <span class='ocrx_word' id='word_1_88' title='bbox 1211 1641 1338 1706; x_wconf 86' lang='lat' dir='ltr'>itmum.</span> <span class='ocrx_word' id='word_1_89' title='bbox 1377 1640 1429 1704; x_wconf 83' lang='lat' dir='ltr'>Sia</span> <span class='ocrx_word' id='word_1_90' title='bbox 1450 1662 1506 1704; x_wconf 90' lang='lat' dir='ltr'>me</span> <span class='ocrx_word' id='word_1_91' title='bbox 1527 1641 1559 1704; x_wconf 92' lang='lat' dir='ltr'>in</span> 
     </span>
     <span class='ocr_line' id='line_1_12' title="bbox 400 1742 1559 1830; baseline 0.002 -24"><span class='ocrx_word' id='word_1_92' title='bbox 400 1742 665 1825; x_wconf 58' lang='lat' dir='ltr'>hoc‘magistretu</span> <span class='ocrx_word' id='word_1_93' title='bbox 680 1764 783 1827; x_wconf 87' lang='lat' dir='ltr'>geram</span> <span class='ocrx_word' id='word_1_94' title='bbox 799 1745 906 1830; x_wconf 92' lang='lat' dir='ltr'>populi</span> <span class='ocrx_word' id='word_1_95' title='bbox 917 1745 1059 1827; x_wconf 82' lang='lat' dir='ltr'>Romani,</span> <span class='ocrx_word' id='word_1_96' title='bbox 1082 1750 1118 1810; x_wconf 92' lang='lat' dir='ltr'>ut</span> <span class='ocrx_word' id='word_1_97' title='bbox 1139 1745 1254 1830; x_wconf 89' lang='lat' dir='ltr'>poesim</span> <span class='ocrx_word' id='word_1_98' title='bbox 1275 1744 1437 1809; x_wconf 88' lang='lat' dir='ltr'>tribunum</span> <span class='ocrx_word' id='word_1_99' title='bbox 1459 1743 1559 1829; x_wconf 86' lang='lat' dir='ltr'>plebis</span> 
     </span>
     <span class='ocr_line' id='line_1_13' title="bbox 400 1835 1357 1930; baseline -0.002 -20"><span class='ocrx_word' id='word_1_100' title='bbox 400 1835 588 1930; x_wconf 81' lang='lat' dir='ltr'>reipublicae</span> <span class='ocrx_word' id='word_1_101' title='bbox 610 1845 725 1911; x_wconf 88' lang='lat' dir='ltr'>iratum</span> <span class='ocrx_word' id='word_1_102' title='bbox 747 1849 894 1929; x_wconf 82' lang='lat' dir='ltr'>eoiiroero,</span> <span class='ocrx_word' id='word_1_103' title='bbox 917 1847 995 1911; x_wconf 91' lang='lat' dir='ltr'>mihi</span> <span class='ocrx_word' id='word_1_104' title='bbox 1017 1847 1132 1910; x_wconf 88' lang='lat' dir='ltr'>iratum</span> <span class='ocrx_word' id='word_1_105' title='bbox 1154 1851 1357 1911; x_wconf 86' lang='lat' dir='ltr'>contemnere.</span> 
     </span>
    </p>
   </div>
   <div class='ocr_carea' id='block_1_3' title="bbox 400 1976 1560 2096">
    <p class='ocr_par' dir='ltr' id='par_1_3' title="bbox 400 1976 1560 2096">
     <span class='ocr_line' id='line_1_14' title="bbox 487 1976 1560 2026; baseline -0.001 -11"><span class='ocrx_word' id='word_1_106' title='bbox 487 1976 519 2015; x_wconf 76' lang='lat'>25.</span> <span class='ocrx_word' id='word_1_107' title='bbox 528 1976 594 2024; x_wconf 80' lang='lat' dir='ltr'>fiant,</span> <span class='ocrx_word' id='word_1_108' title='bbox 602 1977 881 2024; x_wconf 71' lang='lat' dir='ltr'>ostendero,pertimescam.</span> <span class='ocrx_word' id='word_1_109' title='bbox 891 1997 916 2009; x_wconf 89' lang='lat'>-·</span> <span class='ocrx_word' id='word_1_110' title='bbox 925 1987 991 2025; x_wconf 83' lang='lat' dir='ltr'>neque</span> <span class='ocrx_word' id='word_1_111' title='bbox 1005 1979 1073 2018; x_wconf 79' lang='lat' dir='ltr'>uttam</span> <span class='ocrx_word' id='word_1_112' title='bbox 1082 1987 1136 2019; x_wconf 84' lang='lat' dir='ltr'>rem.</span> <span class='ocrx_word' id='word_1_113' title='bbox 1149 1997 1173 2006; x_wconf 97' lang='lat'>-</span> <span class='ocrx_word' id='word_1_114' title='bbox 1186 1977 1219 2019; x_wconf 74' lang='lat'>26.</span> <span class='ocrx_word' id='word_1_115' title='bbox 1228 1987 1294 2024; x_wconf 73' lang='lat' dir='ltr'>raeque</span> <span class='ocrx_word' id='word_1_116' title='bbox 1311 1977 1400 2026; x_wconf 78' lang='lat' dir='ltr'>aliquod</span> <span class='ocrx_word' id='word_1_117' title='bbox 1414 1977 1530 2024; x_wconf 77' lang='lat' dir='ltr'>nepotiana</span> <span class='ocrx_word' id='word_1_118' title='bbox 1537 1993 1560 2006; x_wconf 89' lang='lat'>-</span> 
     </span>
     <span class='ocr_line' id='line_1_15' title="bbox 400 2048 747 2096; baseline -0.003 -9"><span class='ocrx_word' id='word_1_119' title='bbox 400 2058 482 2096; x_wconf 63' lang='lat' dir='ltr'>amaro,</span> <span class='ocrx_word' id='word_1_120' title='bbox 493 2051 570 2096; x_wconf 80' lang='lat' dir='ltr'>patres</span> <span class='ocrx_word' id='word_1_121' title='bbox 583 2048 704 2096; x_wconf 77' lang='lat' dir='ltr'>correera&#39;po&#39;,</span> <span class='ocrx_word' id='word_1_122' title='bbox 718 2051 747 2088; x_wconf 83' lang='lat' dir='ltr'>at.</span> 
     </span>
    </p>
   </div>
   <div class='ocr_carea' id='block_1_4' title="bbox 307 2140 1561 4704">
    <p class='ocr_par' dir='ltr' id='par_1_4' title="bbox 397 2140 1561 2721">
     <span class='ocr_line' id='line_1_16' title="bbox 400 2140 1560 2211; baseline 0 -18"><span class='ocrx_word' id='word_1_123' title='bbox 400 2158 465 2210; x_wconf 89' lang='lat' dir='ltr'>qnae</span> <span class='ocrx_word' id='word_1_124' title='bbox 482 2142 564 2194; x_wconf 89' lang='lat' dir='ltr'>maier</span> <span class='ocrx_word' id='word_1_125' title='bbox 581 2158 612 2194; x_wconf 89' lang='lat' dir='ltr'>ac</span> <span class='ocrx_word' id='word_1_126' title='bbox 629 2143 808 2211; x_wconf 84' lang='lat' dir='ltr'>quaestuosior</span> <span class='ocrx_word' id='word_1_127' title='bbox 831 2147 886 2196; x_wconf 85' lang='lat' dir='ltr'>erat</span> <span class='ocrx_word' id='word_1_128' title='bbox 907 2144 1053 2211; x_wconf 84' lang='lat' dir='ltr'>provincia,</span> <span class='ocrx_word' id='word_1_129' title='bbox 1077 2142 1143 2194; x_wconf 86' lang='lat' dir='ltr'>ultro</span> <span class='ocrx_word' id='word_1_130' title='bbox 1167 2142 1280 2207; x_wconf 72' lang='lat' dir='ltr'>collegae</span> <span class='ocrx_word' id='word_1_131' title='bbox 1307 2140 1459 2192; x_wconf 86' lang='lat' dir='ltr'>concederet</span> <span class='ocrx_word' id='word_1_132' title='bbox 1485 2144 1560 2209; x_wconf 89' lang='lat' dir='ltr'>atque</span> 
     </span>
     <span class='ocr_line' id='line_1_17' title="bbox 401 2224 1561 2297; baseline -0.001 -18"><span class='ocrx_word' id='word_1_133' title='bbox 401 2225 478 2279; x_wconf 88' lang='lat' dir='ltr'>etiam</span> <span class='ocrx_word' id='word_1_134' title='bbox 496 2224 596 2278; x_wconf 90' lang='lat' dir='ltr'>ltaliam</span> <span class='ocrx_word' id='word_1_135' title='bbox 616 2227 732 2295; x_wconf 85' lang='lat' dir='ltr'>accipere</span> <span class='ocrx_word' id='word_1_136' title='bbox 750 2227 838 2280; x_wconf 84' lang='lat' dir='ltr'>nollet.</span> <span class='ocrx_word' id='word_1_137' title='bbox 873 2228 962 2297; x_wconf 85' lang='lat' dir='ltr'>ltaque</span> <span class='ocrx_word' id='word_1_138' title='bbox 984 2229 1060 2295; x_wconf 84' lang='lat' dir='ltr'>paule</span> <span class='ocrx_word' id='word_1_139' title='bbox 1082 2232 1142 2296; x_wconf 90' lang='lat' dir='ltr'>post</span> <span class='ocrx_word' id='word_1_140' title='bbox 1165 2229 1201 2280; x_wconf 89' lang='lat' dir='ltr'>ait</span> <span class='ocrx_word' id='word_1_141' title='bbox 1224 2228 1252 2278; x_wconf 83' lang='lat' dir='ltr'>io</span> <span class='ocrx_word' id='word_1_142' title='bbox 1270 2226 1436 2296; x_wconf 70' lang='lat' dir='ltr'>pronitatem</span> <span class='ocrx_word' id='word_1_143' title='bbox 1457 2242 1488 2278; x_wconf 88' lang='lat' dir='ltr'>se</span> <span class='ocrx_word' id='word_1_144' title='bbox 1511 2245 1561 2279; x_wconf 84' lang='lat' dir='ltr'>ooo</span> 
     </span>
     <span class='ocr_line' id='line_1_18' title="bbox 399 2310 1560 2382; baseline 0.003 -19"><span class='ocrx_word' id='word_1_145' title='bbox 399 2313 504 2376; x_wconf 80' lang='lat' dir='ltr'>iturum,</span> <span class='ocrx_word' id='word_1_146' title='bbox 522 2313 539 2365; x_wconf 90' lang='lat' dir='ltr'>i.</span> <span class='ocrx_word' id='word_1_147' title='bbox 549 2329 571 2364; x_wconf 89' lang='lat' dir='ltr'>e.</span> <span class='ocrx_word' id='word_1_148' title='bbox 589 2313 728 2365; x_wconf 80' lang='lat' dir='ltr'>exercitum</span> <span class='ocrx_word' id='word_1_149' title='bbox 746 2318 772 2366; x_wconf 90' lang='lat' dir='ltr'>et</span> <span class='ocrx_word' id='word_1_150' title='bbox 789 2315 926 2381; x_wconf 88' lang='lat' dir='ltr'>pecuniam</span> <span class='ocrx_word' id='word_1_151' title='bbox 943 2315 970 2365; x_wconf 88' lang='lat' dir='ltr'>io</span> <span class='ocrx_word' id='word_1_152' title='bbox 988 2310 1277 2382; x_wconf 71' lang='lat' dir='ltr'>stipendium&#39;aliosque</span> <span class='ocrx_word' id='word_1_153' title='bbox 1294 2330 1355 2366; x_wconf 78' lang='lat' dir='ltr'>ustas</span> <span class='ocrx_word' id='word_1_154' title='bbox 1373 2314 1500 2372; x_wconf 83' lang='lat' dir='ltr'>militares</span> <span class='ocrx_word' id='word_1_155' title='bbox 1518 2314 1560 2366; x_wconf 91' lang='lat' dir='ltr'>de·</span> 
     </span>
     <span class='ocr_line' id='line_1_19' title="bbox 399 2399 1560 2468; baseline 0.001 -17"><span class='ocrx_word' id='word_1_156' title='bbox 399 2400 495 2451; x_wconf 86' lang='lat' dir='ltr'>cretam</span> <span class='ocrx_word' id='word_1_157' title='bbox 513 2412 565 2450; x_wconf 90' lang='lat' dir='ltr'>uon</span> <span class='ocrx_word' id='word_1_158' title='bbox 583 2400 760 2464; x_wconf 64' lang='lat' dir='ltr'>accepturum</span> <span class='ocrx_word' id='word_1_159' title='bbox 784 2414 843 2450; x_wconf 88' lang='lat' dir='ltr'>narn</span> <span class='ocrx_word' id='word_1_160' title='bbox 861 2399 911 2450; x_wconf 90' lang='lat' dir='ltr'>iter</span> <span class='ocrx_word' id='word_1_161' title='bbox 927 2399 1045 2466; x_wconf 89' lang='lat' dir='ltr'>quidem,</span> <span class='ocrx_word' id='word_1_162' title='bbox 1061 2404 1090 2451; x_wconf 89' lang='lat' dir='ltr'>ut</span> <span class='ocrx_word' id='word_1_163' title='bbox 1106 2401 1134 2452; x_wconf 92' lang='lat' dir='ltr'>in</span> <span class='ocrx_word' id='word_1_164' title='bbox 1152 2400 1308 2468; x_wconf 88' lang='lat' dir='ltr'>provinciam</span> <span class='ocrx_word' id='word_1_165' title='bbox 1325 2399 1486 2466; x_wconf 89' lang='lat' dir='ltr'>perveniret,</span> <span class='ocrx_word' id='word_1_166' title='bbox 1510 2415 1560 2452; x_wconf 94' lang='lat' dir='ltr'>non</span> 
     </span>
     <span class='ocr_line' id='line_1_20' title="bbox 400 2483 1560 2554; baseline 0.003 -18"><span class='ocrx_word' id='word_1_167' title='bbox 400 2487 456 2536; x_wconf 86' lang='lat' dir='ltr'>erat</span> <span class='ocrx_word' id='word_1_168' title='bbox 473 2483 671 2552; x_wconf 85' lang='lat' dir='ltr'>suscipiendum.</span> <span class='ocrx_word' id='word_1_169' title='bbox 708 2484 815 2538; x_wconf 79' lang='lat' dir='ltr'>Constat</span> <span class='ocrx_word' id='word_1_170' title='bbox 833 2489 922 2537; x_wconf 87' lang='lat' dir='ltr'>autern</span> <span class='ocrx_word' id='word_1_171' title='bbox 936 2501 1002 2549; x_wconf 90' lang='lat' dir='ltr'>eum,</span> <span class='ocrx_word' id='word_1_172' title='bbox 1020 2485 1088 2553; x_wconf 89' lang='lat' dir='ltr'>quod</span> <span class='ocrx_word' id='word_1_173' title='bbox 1106 2485 1130 2538; x_wconf 93' lang='lat' dir='ltr'>h.</span> <span class='ocrx_word' id='word_1_174' title='bbox 1148 2485 1166 2536; x_wconf 85' lang='lat' dir='ltr'>l.</span> <span class='ocrx_word' id='word_1_175' title='bbox 1184 2486 1315 2552; x_wconf 90' lang='lat' dir='ltr'>promisit,</span> <span class='ocrx_word' id='word_1_176' title='bbox 1333 2485 1433 2547; x_wconf 87' lang='lat' dir='ltr'>iecisse,</span> <span class='ocrx_word' id='word_1_177' title='bbox 1452 2489 1484 2538; x_wconf 94' lang='lat' dir='ltr'>ut</span> <span class='ocrx_word' id='word_1_178' title='bbox 1502 2502 1560 2554; x_wconf 90' lang='lat' dir='ltr'>pro·</span> 
     </span>
     <span class='ocr_line' id='line_1_21' title="bbox 397 2568 1559 2639; baseline 0.003 -19"><span class='ocrx_word' id='word_1_179' title='bbox 397 2570 510 2621; x_wconf 77' lang='lat' dir='ltr'>vinciam</span> <span class='ocrx_word' id='word_1_180' title='bbox 527 2570 641 2622; x_wconf 82' lang='lat' dir='ltr'>exercitu</span> <span class='ocrx_word' id='word_1_181' title='bbox 658 2572 684 2622; x_wconf 88' lang='lat' dir='ltr'>et</span> <span class='ocrx_word' id='word_1_182' title='bbox 700 2571 811 2637; x_wconf 84' lang='lat' dir='ltr'>pecunia</span> <span class='ocrx_word' id='word_1_183' title='bbox 829 2573 947 2623; x_wconf 87' lang='lat' dir='ltr'>ornatam</span> <span class='ocrx_word' id='word_1_184' title='bbox 964 2568 1121 2622; x_wconf 87' lang='lat' dir='ltr'>incautione</span> <span class='ocrx_word' id='word_1_185' title='bbox 1139 2569 1295 2622; x_wconf 82' lang='lat' dir='ltr'>reclamante</span> <span class='ocrx_word' id='word_1_186' title='bbox 1307 2585 1366 2639; x_wconf 93' lang='lat' dir='ltr'>pop.</span> <span class='ocrx_word' id='word_1_187' title='bbox 1379 2570 1499 2622; x_wconf 88' lang='lat' dir='ltr'>Romano</span> <span class='ocrx_word' id='word_1_188' title='bbox 1518 2570 1559 2624; x_wconf 91' lang='lat' dir='ltr'>de·</span> 
     </span>
     <span class='ocr_line' id='line_1_22' title="bbox 398 2645 948 2721; baseline 0.005 -16"><span class='ocrx_word' id='word_1_189' title='bbox 398 2656 505 2721; x_wconf 87' lang='lat' dir='ltr'>poneret</span> <span class='ocrx_word' id='word_1_190' title='bbox 522 2655 566 2717; x_wconf 90' lang='lat' dir='ltr'>(ad</span> <span class='ocrx_word' id='word_1_191' title='bbox 583 2652 637 2707; x_wconf 81' lang='lat' dir='ltr'>Aa.</span> <span class='ocrx_word' id='word_1_192' title='bbox 655 2654 687 2718; x_wconf 85' lang='lat'>11,</span> <span class='ocrx_word' id='word_1_193' title='bbox 707 2655 735 2718; x_wconf 91' lang='grc'>1;</span> <span class='ocrx_word' id='word_1_194' title='bbox 753 2656 780 2707; x_wconf 92' lang='lat' dir='ltr'>in</span> <span class='ocrx_word' id='word_1_195' title='bbox 798 2645 851 2708; x_wconf 85' lang='lat' dir='ltr'>Pis.</span> <span class='ocrx_word' id='word_1_196' title='bbox 870 2655 895 2718; x_wconf 73' lang='lat'>2,</span> <span class='ocrx_word' id='word_1_197' title='bbox 913 2656 948 2720; x_wconf 82' lang='lat'>4).</span> 
     </span>
    </p>

    <p class='ocr_par' dir='ltr' id='par_1_5' title="bbox 393 2739 1559 3923">
     <span class='ocr_line' id='line_1_23' title="bbox 484 2739 1559 2809; baseline 0.001 -18"><span class='ocrx_word' id='word_1_198' title='bbox 484 2739 525 2793; x_wconf 72' lang='lat'>26.</span> <span class='ocrx_word' id='word_1_199' title='bbox 546 2739 600 2794; x_wconf 87' lang='lat' dir='ltr'>Cal.</span> <span class='ocrx_word' id='word_1_200' title='bbox 618 2739 677 2793; x_wconf 86' lang='lat' dir='ltr'>Iao.</span> <span class='ocrx_word' id='word_1_201' title='bbox 704 2741 761 2802; x_wconf 87' lang='lat' dir='ltr'>Hoc</span> <span class='ocrx_word' id='word_1_202' title='bbox 777 2741 834 2793; x_wconf 91' lang='lat' dir='ltr'>ideo</span> <span class='ocrx_word' id='word_1_203' title='bbox 846 2741 926 2805; x_wconf 85' lang='lat' dir='ltr'>addit,</span> <span class='ocrx_word' id='word_1_204' title='bbox 945 2743 973 2793; x_wconf 92' lang='lat' dir='ltr'>ut</span> <span class='ocrx_word' id='word_1_205' title='bbox 991 2757 1042 2794; x_wconf 89' lang='lat' dir='ltr'>non</span> <span class='ocrx_word' id='word_1_206' title='bbox 1059 2741 1134 2794; x_wconf 92' lang='lat' dir='ltr'>modo</span> <span class='ocrx_word' id='word_1_207' title='bbox 1147 2742 1263 2809; x_wconf 88' lang='lat' dir='ltr'>plurimis</span> <span class='ocrx_word' id='word_1_208' title='bbox 1273 2742 1394 2805; x_wconf 79' lang='lat' dir='ltr'>testibuS,</span> <span class='ocrx_word' id='word_1_209' title='bbox 1413 2741 1460 2793; x_wconf 89' lang='lat' dir='ltr'>sed</span> <span class='ocrx_word' id='word_1_210' title='bbox 1479 2742 1559 2794; x_wconf 88' lang='lat' dir='ltr'>etiam</span> 
     </span>
     <span class='ocr_line' id='line_1_24' title="bbox 398 2827 1558 2899; baseline -0.003 -18"><span class='ocrx_word' id='word_1_211' title='bbox 398 2829 516 2882; x_wconf 87' lang='lat' dir='ltr'>sollemni</span> <span class='ocrx_word' id='word_1_212' title='bbox 533 2845 561 2882; x_wconf 86' lang='lat' dir='ltr'>se</span> <span class='ocrx_word' id='word_1_213' title='bbox 579 2833 702 2897; x_wconf 88' lang='lat' dir='ltr'>tempore,</span> <span class='ocrx_word' id='word_1_214' title='bbox 720 2845 778 2882; x_wconf 90' lang='lat' dir='ltr'>curn</span> <span class='ocrx_word' id='word_1_215' title='bbox 795 2832 857 2882; x_wconf 87' lang='lat' dir='ltr'>vota</span> <span class='ocrx_word' id='word_1_216' title='bbox 874 2846 905 2882; x_wconf 89' lang='lat' dir='ltr'>ac</span> <span class='ocrx_word' id='word_1_217' title='bbox 922 2845 1011 2898; x_wconf 87' lang='lat' dir='ltr'>preces</span> <span class='ocrx_word' id='word_1_218' title='bbox 1029 2844 1076 2896; x_wconf 89' lang='lat' dir='ltr'>pro</span> <span class='ocrx_word' id='word_1_219' title='bbox 1094 2828 1270 2881; x_wconf 86' lang='lat' dir='ltr'>incolumitate</span> <span class='ocrx_word' id='word_1_220' title='bbox 1287 2828 1350 2896; x_wconf 90' lang='lat' dir='ltr'>reip.</span> <span class='ocrx_word' id='word_1_221' title='bbox 1373 2827 1558 2899; x_wconf 88' lang='lat' dir='ltr'>suscipiuntur,</span> 
     </span>
     <span class='ocr_line' id='line_1_25' title="bbox 397 2911 1559 2983; baseline -0.005 -15"><span class='ocrx_word' id='word_1_222' title='bbox 397 2915 481 2968; x_wconf 89' lang='lat' dir='ltr'>dicere</span> <span class='ocrx_word' id='word_1_223' title='bbox 499 2915 638 2983; x_wconf 88' lang='lat' dir='ltr'>significet,</span> <span class='ocrx_word' id='word_1_224' title='bbox 656 2931 707 2983; x_wconf 90' lang='lat' dir='ltr'>quo</span> <span class='ocrx_word' id='word_1_225' title='bbox 725 2917 747 2967; x_wconf 92' lang='lat' dir='ltr'>si</span> <span class='ocrx_word' id='word_1_226' title='bbox 765 2916 916 2978; x_wconf 89' lang='lat' dir='ltr'>mentiatur,</span> <span class='ocrx_word' id='word_1_227' title='bbox 938 2915 1009 2983; x_wconf 89' lang='lat' dir='ltr'>ipsos</span> <span class='ocrx_word' id='word_1_228' title='bbox 1033 2913 1095 2966; x_wconf 88' lang='lat' dir='ltr'>deos</span> <span class='ocrx_word' id='word_1_229' title='bbox 1118 2912 1207 2965; x_wconf 86' lang='lat' dir='ltr'>fallere</span> <span class='ocrx_word' id='word_1_230' title='bbox 1226 2912 1351 2964; x_wconf 87' lang='lat' dir='ltr'>videatur.</span> <span class='ocrx_word' id='word_1_231' title='bbox 1391 2911 1473 2962; x_wconf 88' lang='lat' dir='ltr'>Paulo</span> <span class='ocrx_word' id='word_1_232' title='bbox 1500 2914 1559 2980; x_wconf 88' lang='lat' dir='ltr'>post</span> 
     </span>
     <span class='ocr_line' id='line_1_26' title="bbox 396 2990 1557 3070; baseline -0.003 -17"><span class='ocrx_word' id='word_1_233' title='bbox 396 3001 465 3070; x_wconf 77' lang='lat' dir='ltr'>quo‘d</span> <span class='ocrx_word' id='word_1_234' title='bbox 482 3001 598 3054; x_wconf 87' lang='lat' dir='ltr'>codicum</span> <span class='ocrx_word' id='word_1_235' title='bbox 616 3003 683 3054; x_wconf 89' lang='lat' dir='ltr'>ratio</span> <span class='ocrx_word' id='word_1_236' title='bbox 705 3001 820 3070; x_wconf 88' lang='lat' dir='ltr'>postulat</span> <span class='ocrx_word' id='word_1_237' title='bbox 837 3001 913 3054; x_wconf 78' lang='lat' dir='ltr'>aliud</span> <span class='ocrx_word' id='word_1_238' title='bbox 934 3001 1076 3069; x_wconf 76' lang='lat' dir='ltr'>nepotiane,</span> <span class='ocrx_word' id='word_1_239' title='bbox 1099 3000 1268 3052; x_wconf 87' lang='lat' dir='ltr'>rectissimam</span> <span class='ocrx_word' id='word_1_240' title='bbox 1290 2997 1367 3049; x_wconf 85' lang='lat' dir='ltr'>habet</span> <span class='ocrx_word' id='word_1_241' title='bbox 1394 2990 1557 3055; x_wconf 78' lang='lat' dir='ltr'>senteutiam</span> 
     </span>
     <span class='ocr_line' id='line_1_27' title="bbox 396 3074 1558 3156; baseline -0.003 -16"><span class='ocrx_word' id='word_1_242' title='bbox 396 3086 463 3140; x_wconf 87' lang='lat' dir='ltr'>Nam</span> <span class='ocrx_word' id='word_1_243' title='bbox 481 3087 505 3139; x_wconf 84' lang='lat' dir='ltr'>ei</span> <span class='ocrx_word' id='word_1_244' title='bbox 521 3093 605 3139; x_wconf 83' lang='lat' dir='ltr'>status</span> <span class='ocrx_word' id='word_1_245' title='bbox 623 3075 665 3140; x_wconf 77' lang='lat' dir='ltr'>laic</span> <span class='ocrx_word' id='word_1_246' title='bbox 687 3088 753 3156; x_wconf 82' lang='lat' dir='ltr'>reip.</span> <span class='ocrx_word' id='word_1_247' title='bbox 771 3095 876 3140; x_wconf 77' lang='lat' dir='ltr'>enarrent</span> <span class='ocrx_word' id='word_1_248' title='bbox 902 3087 936 3139; x_wconf 88' lang='lat' dir='ltr'>ad</span> <span class='ocrx_word' id='word_1_249' title='bbox 962 3088 1128 3141; x_wconf 87' lang='lat' dir='ltr'>domesticam</span> <span class='ocrx_word' id='word_1_250' title='bbox 1153 3087 1265 3155; x_wconf 89' lang='lat' dir='ltr'>quietem</span> <span class='ocrx_word' id='word_1_251' title='bbox 1282 3085 1408 3152; x_wconf 88' lang='lat' dir='ltr'>pertinet,</span> <span class='ocrx_word' id='word_1_252' title='bbox 1434 3074 1465 3136; x_wconf 82' lang='lat' dir='ltr'>ut</span> <span class='ocrx_word' id='word_1_253' title='bbox 1489 3084 1558 3139; x_wconf 86' lang='lat' dir='ltr'>nulla</span> 
     </span>
     <span class='ocr_line' id='line_1_28' title="bbox 396 3160 1559 3242; baseline -0.003 -15"><span class='ocrx_word' id='word_1_254' title='bbox 396 3175 521 3229; x_wconf 73' lang='lat' dir='ltr'>anaema</span> <span class='ocrx_word' id='word_1_255' title='bbox 538 3160 631 3228; x_wconf 69' lang='lat' dir='ltr'>senno</span> <span class='ocrx_word' id='word_1_256' title='bbox 648 3176 756 3238; x_wconf 72' lang='lat' dir='ltr'>emeat,</span> <span class='ocrx_word' id='word_1_257' title='bbox 773 3175 849 3228; x_wconf 75' lang='lat' dir='ltr'>errae</span> <span class='ocrx_word' id='word_1_258' title='bbox 865 3175 995 3242; x_wconf 60' lang='lat' dir='ltr'>reportem</span> <span class='ocrx_word' id='word_1_259' title='bbox 1012 3173 1045 3226; x_wconf 76' lang='lat' dir='ltr'>aa</span> <span class='ocrx_word' id='word_1_260' title='bbox 1062 3173 1159 3225; x_wconf 79' lang='lat' dir='ltr'>serrum</span> <span class='ocrx_word' id='word_1_261' title='bbox 1176 3170 1280 3238; x_wconf 84' lang='lat' dir='ltr'>aliquod</span> <span class='ocrx_word' id='word_1_262' title='bbox 1301 3173 1441 3223; x_wconf 75' lang='lat' dir='ltr'>externum.</span> <span class='ocrx_word' id='word_1_263' title='bbox 1461 3199 1498 3209; x_wconf 86' lang='lat'>-</span> <span class='ocrx_word' id='word_1_264' title='bbox 1511 3188 1559 3240; x_wconf 78' lang='lat' dir='ltr'>po-</span> 
     </span>
     <span class='ocr_line' id='line_1_29' title="bbox 395 3255 1559 3330; baseline -0.004 -17"><span class='ocrx_word' id='word_1_265' title='bbox 395 3261 455 3330; x_wconf 83' lang='lat' dir='ltr'>puli</span> <span class='ocrx_word' id='word_1_266' title='bbox 471 3260 593 3315; x_wconf 81' lang='lat' dir='ltr'>Romani.</span> <span class='ocrx_word' id='word_1_267' title='bbox 627 3260 686 3314; x_wconf 90' lang='lat' dir='ltr'>Non</span> <span class='ocrx_word' id='word_1_268' title='bbox 703 3261 779 3315; x_wconf 87' lang='lat' dir='ltr'>credo</span> <span class='ocrx_word' id='word_1_269' title='bbox 797 3261 825 3312; x_wconf 92' lang='lat' dir='ltr'>in</span> <span class='ocrx_word' id='word_1_270' title='bbox 843 3260 896 3312; x_wconf 91' lang='lat' dir='ltr'>ullo</span> <span class='ocrx_word' id='word_1_271' title='bbox 915 3259 1003 3313; x_wconf 85' lang='lat' dir='ltr'>codiee</span> <span class='ocrx_word' id='word_1_272' title='bbox 1021 3272 1068 3310; x_wconf 86' lang='lat' dir='ltr'>ms.</span> <span class='ocrx_word' id='word_1_273' title='bbox 1086 3256 1137 3323; x_wconf 89' lang='lat' dir='ltr'>legi</span> <span class='ocrx_word' id='word_1_274' title='bbox 1150 3261 1243 3323; x_wconf 83' lang='lat' dir='ltr'>patres</span> <span class='ocrx_word' id='word_1_275' title='bbox 1261 3255 1410 3322; x_wconf 78' lang='lat' dir='ltr'>eorrseripti,</span> <span class='ocrx_word' id='word_1_276' title='bbox 1429 3256 1471 3307; x_wconf 89' lang='lat' dir='ltr'>vel</span> <span class='ocrx_word' id='word_1_277' title='bbox 1491 3256 1516 3308; x_wconf 91' lang='lat' dir='ltr'>si</span> <span class='ocrx_word' id='word_1_278' title='bbox 1532 3257 1559 3308; x_wconf 91' lang='lat' dir='ltr'>in</span> 
     </span>
     <span class='ocr_line' id='line_1_30' title="bbox 397 3340 1559 3413; baseline -0.001 -18"><span class='ocrx_word' id='word_1_279' title='bbox 397 3359 448 3413; x_wconf 93' lang='lat' dir='ltr'>quo</span> <span class='ocrx_word' id='word_1_280' title='bbox 466 3344 574 3413; x_wconf 88' lang='lat' dir='ltr'>legitur,</span> <span class='ocrx_word' id='word_1_281' title='bbox 594 3345 626 3397; x_wconf 87' lang='lat' dir='ltr'>de</span> <span class='ocrx_word' id='word_1_282' title='bbox 644 3346 792 3399; x_wconf 87' lang='lat' dir='ltr'>coniectura</span> <span class='ocrx_word' id='word_1_283' title='bbox 812 3344 911 3397; x_wconf 85' lang='lat' dir='ltr'>librarii</span> <span class='ocrx_word' id='word_1_284' title='bbox 934 3343 1041 3411; x_wconf 88' lang='lat' dir='ltr'>legitur;</span> <span class='ocrx_word' id='word_1_285' title='bbox 1071 3357 1131 3393; x_wconf 86' lang='lat' dir='ltr'>nam</span> <span class='ocrx_word' id='word_1_286' title='bbox 1147 3340 1312 3393; x_wconf 86' lang='lat' dir='ltr'>Lauredanus</span> <span class='ocrx_word' id='word_1_287' title='bbox 1338 3343 1449 3393; x_wconf 90' lang='lat' dir='ltr'>veterem</span> <span class='ocrx_word' id='word_1_288' title='bbox 1473 3356 1559 3394; x_wconf 90' lang='lat' dir='ltr'>emen-</span> 
     </span>
     <span class='ocr_line' id='line_1_31' title="bbox 398 3418 1559 3494; baseline -0.003 -12"><span class='ocrx_word' id='word_1_289' title='bbox 398 3418 528 3483; x_wconf 84' lang='lat' dir='ltr'>dationem</span> <span class='ocrx_word' id='word_1_290' title='bbox 546 3446 603 3484; x_wconf 90' lang='lat' dir='ltr'>esse</span> <span class='ocrx_word' id='word_1_291' title='bbox 620 3432 717 3484; x_wconf 88' lang='lat' dir='ltr'>scribit.</span> <span class='ocrx_word' id='word_1_292' title='bbox 753 3431 808 3484; x_wconf 89' lang='lat' dir='ltr'>Nee</span> <span class='ocrx_word' id='word_1_293' title='bbox 826 3445 886 3482; x_wconf 90' lang='lat' dir='ltr'>vero</span> <span class='ocrx_word' id='word_1_294' title='bbox 904 3428 1001 3481; x_wconf 91' lang='lat' dir='ltr'>inutilis</span> <span class='ocrx_word' id='word_1_295' title='bbox 1019 3426 1061 3479; x_wconf 89' lang='lat' dir='ltr'>ille</span> <span class='ocrx_word' id='word_1_296' title='bbox 1080 3426 1208 3494; x_wconf 84' lang='lat' dir='ltr'>genitivus</span> <span class='ocrx_word' id='word_1_297' title='bbox 1228 3425 1308 3477; x_wconf 90' lang='lat' dir='ltr'>videri</span> <span class='ocrx_word' id='word_1_298' title='bbox 1333 3425 1422 3490; x_wconf 87' lang='lat' dir='ltr'>debet;</span> <span class='ocrx_word' id='word_1_299' title='bbox 1446 3426 1559 3494; x_wconf 88' lang='lat' dir='ltr'>opponit</span> 
     </span>
     <span class='ocr_line' id='line_1_32' title="bbox 398 3504 1559 3584; baseline -0.001 -18"><span class='ocrx_word' id='word_1_300' title='bbox 398 3515 466 3567; x_wconf 89' lang='lat' dir='ltr'>enim</span> <span class='ocrx_word' id='word_1_301' title='bbox 477 3530 552 3566; x_wconf 91' lang='lat' dir='ltr'>suum</span> <span class='ocrx_word' id='word_1_302' title='bbox 566 3516 752 3583; x_wconf 87' lang='lat' dir='ltr'>magistratum,</span> <span class='ocrx_word' id='word_1_303' title='bbox 770 3516 814 3584; x_wconf 91' lang='lat' dir='ltr'>qui</span> <span class='ocrx_word' id='word_1_304' title='bbox 831 3516 915 3570; x_wconf 84' lang='lat' dir='ltr'>totum</span> <span class='ocrx_word' id='word_1_305' title='bbox 927 3512 1050 3581; x_wconf 90' lang='lat' dir='ltr'>populum</span> <span class='ocrx_word' id='word_1_306' title='bbox 1069 3504 1260 3580; x_wconf 82' lang='lat' dir='ltr'>complectatur,</span> <span class='ocrx_word' id='word_1_307' title='bbox 1279 3512 1397 3574; x_wconf 72' lang='lat' dir='ltr'>tribunis</span> <span class='ocrx_word' id='word_1_308' title='bbox 1416 3511 1460 3578; x_wconf 92' lang='lat' dir='ltr'>qui</span> <span class='ocrx_word' id='word_1_309' title='bbox 1473 3511 1559 3578; x_wconf 85' lang='lat' dir='ltr'>plebis</span> 
     </span>
     <span class='ocr_line' id='line_1_33' title="bbox 397 3595 1559 3669; baseline -0.002 -17"><span class='ocrx_word' id='word_1_310' title='bbox 397 3602 497 3653; x_wconf 88' lang='lat' dir='ltr'>tantum</span> <span class='ocrx_word' id='word_1_311' title='bbox 519 3604 591 3664; x_wconf 90' lang='lat' dir='ltr'>sunt;</span> <span class='ocrx_word' id='word_1_312' title='bbox 618 3600 775 3669; x_wconf 89' lang='lat' dir='ltr'>similemque</span> <span class='ocrx_word' id='word_1_313' title='bbox 799 3600 832 3652; x_wconf 94' lang='lat' dir='ltr'>ob</span> <span class='ocrx_word' id='word_1_314' title='bbox 855 3614 959 3652; x_wconf 86' lang='lat' dir='ltr'>eausam</span> <span class='ocrx_word' id='word_1_315' title='bbox 977 3598 1042 3650; x_wconf 86' lang='lat' dir='ltr'>orat.</span> <span class='ocrx_word' id='word_1_316' title='bbox 1060 3596 1097 3660; x_wconf 87' lang='lat'>11,</span> <span class='ocrx_word' id='word_1_317' title='bbox 1116 3597 1162 3660; x_wconf 83' lang='lat' dir='ltr'>lss,</span> <span class='ocrx_word' id='word_1_318' title='bbox 1179 3597 1212 3649; x_wconf 88' lang='grc'>41</span> <span class='ocrx_word' id='word_1_319' title='bbox 1235 3597 1341 3663; x_wconf 89' lang='lat' dir='ltr'>seipse</span> <span class='ocrx_word' id='word_1_320' title='bbox 1366 3595 1497 3647; x_wconf 74' lang='lat' dir='ltr'>eorreolem</span> <span class='ocrx_word' id='word_1_321' title='bbox 1509 3612 1559 3665; x_wconf 83' lang='lat' dir='ltr'>po·</span> 
     </span>
     <span class='ocr_line' id='line_1_34' title="bbox 393 3681 1558 3753; baseline -0.001 -17"><span class='ocrx_word' id='word_1_322' title='bbox 393 3685 454 3753; x_wconf 80' lang='lat' dir='ltr'>poli</span> <span class='ocrx_word' id='word_1_323' title='bbox 470 3683 586 3736; x_wconf 71' lang='lat' dir='ltr'>Rotnani</span> <span class='ocrx_word' id='word_1_324' title='bbox 601 3684 723 3752; x_wconf 87' lang='lat' dir='ltr'>appellat.</span> <span class='ocrx_word' id='word_1_325' title='bbox 762 3683 846 3747; x_wconf 83' lang='lat' dir='ltr'>Quare</span> <span class='ocrx_word' id='word_1_326' title='bbox 863 3698 922 3734; x_wconf 90' lang='lat' dir='ltr'>eum</span> <span class='ocrx_word' id='word_1_327' title='bbox 940 3681 1057 3735; x_wconf 86' lang='lat' dir='ltr'>codicum</span> <span class='ocrx_word' id='word_1_328' title='bbox 1079 3683 1155 3735; x_wconf 88' lang='lat' dir='ltr'>lectio</span> <span class='ocrx_word' id='word_1_329' title='bbox 1179 3683 1241 3735; x_wconf 83' lang='lat' dir='ltr'>terri</span> <span class='ocrx_word' id='word_1_330' title='bbox 1262 3682 1358 3751; x_wconf 90' lang='lat' dir='ltr'>possit,</span> <span class='ocrx_word' id='word_1_331' title='bbox 1382 3681 1558 3744; x_wconf 84' lang='lat' dir='ltr'>coniecturam</span> 
     </span>
     <span class='ocr_line' id='line_1_35' title="bbox 396 3768 1559 3838; baseline -0.002 -15"><span class='ocrx_word' id='word_1_332' title='bbox 396 3771 541 3838; x_wconf 87' lang='lat' dir='ltr'>speciosam</span> <span class='ocrx_word' id='word_1_333' title='bbox 558 3770 629 3822; x_wconf 90' lang='lat' dir='ltr'>illam</span> <span class='ocrx_word' id='word_1_334' title='bbox 647 3769 757 3838; x_wconf 87' lang='lat' dir='ltr'>quidem,</span> <span class='ocrx_word' id='word_1_335' title='bbox 775 3768 821 3822; x_wconf 89' lang='lat' dir='ltr'>sed</span> <span class='ocrx_word' id='word_1_336' title='bbox 839 3769 1011 3821; x_wconf 87' lang='lat' dir='ltr'>coniecturam</span> <span class='ocrx_word' id='word_1_337' title='bbox 1029 3774 1116 3822; x_wconf 88' lang='lat' dir='ltr'>tamen</span> <span class='ocrx_word' id='word_1_338' title='bbox 1131 3771 1204 3838; x_wconf 90' lang='lat' dir='ltr'>sequi</span> <span class='ocrx_word' id='word_1_339' title='bbox 1222 3770 1300 3835; x_wconf 84' lang='lat' dir='ltr'>nolui.</span> <span class='ocrx_word' id='word_1_340' title='bbox 1319 3797 1352 3804; x_wconf 97' lang='lat'>-</span> <span class='ocrx_word' id='word_1_341' title='bbox 1371 3768 1485 3834; x_wconf 80' lang='lat' dir='ltr'>eollipite</span> <span class='ocrx_word' id='word_1_342' title='bbox 1504 3784 1559 3821; x_wconf 82' lang='lat' dir='ltr'>oar.</span> 
     </span>
     <span class='ocr_line' id='line_1_36' title="bbox 395 3853 1559 3923; baseline -0.001 -14"><span class='ocrx_word' id='word_1_343' title='bbox 395 3856 492 3911; x_wconf 84' lang='lat' dir='ltr'>Eodem</span> <span class='ocrx_word' id='word_1_344' title='bbox 515 3856 592 3909; x_wconf 91' lang='lat' dir='ltr'>modo</span> <span class='ocrx_word' id='word_1_345' title='bbox 611 3856 712 3910; x_wconf 83' lang='lat' dir='ltr'>Fufium</span> <span class='ocrx_word' id='word_1_346' title='bbox 730 3854 853 3908; x_wconf 82' lang='lat' dir='ltr'>Oalenmn</span> <span class='ocrx_word' id='word_1_347' title='bbox 871 3855 986 3923; x_wconf 86' lang='lat' dir='ltr'>appellat</span> <span class='ocrx_word' id='word_1_348' title='bbox 1005 3856 1069 3910; x_wconf 90' lang='lat' dir='ltr'>Phil.</span> <span class='ocrx_word' id='word_1_349' title='bbox 1087 3857 1128 3920; x_wconf 90' lang='lat' dir='ltr'>X,</span> <span class='ocrx_word' id='word_1_350' title='bbox 1146 3855 1175 3920; x_wconf 89' lang='lat'>3,</span> <span class='ocrx_word' id='word_1_351' title='bbox 1195 3857 1210 3908; x_wconf 87' lang='grc'>6</span> <span class='ocrx_word' id='word_1_352' title='bbox 1230 3853 1399 3917; x_wconf 77' lang='lat' dir='ltr'>Quarnotrem</span> <span class='ocrx_word' id='word_1_353' title='bbox 1422 3854 1516 3921; x_wconf 74' lang='lat' dir='ltr'>coll-ipe</span> <span class='ocrx_word' id='word_1_354' title='bbox 1535 3861 1559 3908; x_wconf 84' lang='lat' dir='ltr'>te</span> 
     </span>
    </p>

    <p class='ocr_par' dir='ltr' id='par_1_6' title="bbox 379 3938 1560 4012">
     <span class='ocr_line' id='line_1_37' title="bbox 379 3938 1560 4012; baseline -0.001 -16"><span class='ocrx_word' id='word_1_355' title='bbox 379 3979 382 3984; x_wconf 86' lang='lat'><em>·</em></span> <span class='ocrx_word' id='word_1_356' title='bbox 391 3944 522 4012; x_wconf 81' lang='lat' dir='ltr'>placaque</span> <span class='ocrx_word' id='word_1_357' title='bbox 539 3942 654 3995; x_wconf 75' lang='lat' dir='ltr'>anianum</span> <span class='ocrx_word' id='word_1_358' title='bbox 670 3943 748 3993; x_wconf 81' lang='lat' dir='ltr'>istum</span> <span class='ocrx_word' id='word_1_359' title='bbox 766 3941 907 4008; x_wconf 82' lang='lat' dir='ltr'>aliqnando</span> <span class='ocrx_word' id='word_1_360' title='bbox 925 3948 951 3992; x_wconf 87' lang='lat' dir='ltr'>et</span> <span class='ocrx_word' id='word_1_361' title='bbox 967 3941 1066 4009; x_wconf 59' lang='grc' dir='ltr'>1ιηίἰίρα.</span> <span class='ocrx_word' id='word_1_362' title='bbox 1107 3941 1187 3994; x_wconf 87' lang='lat' dir='ltr'>Paulo</span> <span class='ocrx_word' id='word_1_363' title='bbox 1206 3944 1266 4009; x_wconf 92' lang='lat' dir='ltr'>po&#39;st</span> <span class='ocrx_word' id='word_1_364' title='bbox 1285 3938 1513 3994; x_wconf 84' lang='lat' dir='ltr'>animadvertimus</span> <span class='ocrx_word' id='word_1_365' title='bbox 1532 3944 1560 3995; x_wconf 84' lang='lat' dir='ltr'>et</span> 
     </span>
    </p>

    <p class='ocr_par' dir='ltr' id='par_1_7' title="bbox 360 4024 1560 4100">
     <span class='ocr_line' id='line_1_38' title="bbox 360 4024 1560 4100; baseline -0.003 -18"><span class='ocrx_word' id='word_1_366' title='bbox 360 4040 363 4047; x_wconf 91' lang='grc'><em>·</em></span> <span class='ocrx_word' id='word_1_367' title='bbox 395 4031 546 4100; x_wconf 77' lang='lat' dir='ltr'>coaspirare</span> <span class='ocrx_word' id='word_1_368' title='bbox 569 4032 596 4081; x_wconf 92' lang='lat' dir='ltr'>et</span> <span class='ocrx_word' id='word_1_369' title='bbox 618 4029 761 4082; x_wconf 83' lang='lat' dir='ltr'>consentire</span> <span class='ocrx_word' id='word_1_370' title='bbox 779 4030 810 4082; x_wconf 91' lang='lat' dir='ltr'>de</span> <span class='ocrx_word' id='word_1_371' title='bbox 828 4030 875 4093; x_wconf 88' lang='lat' dir='ltr'>iis,</span> <span class='ocrx_word' id='word_1_372' title='bbox 902 4030 945 4095; x_wconf 83' lang='lat' dir='ltr'>qrri</span> <span class='ocrx_word' id='word_1_373' title='bbox 963 4030 990 4080; x_wconf 92' lang='lat' dir='ltr'>in</span> <span class='ocrx_word' id='word_1_374' title='bbox 1008 4043 1035 4081; x_wconf 90' lang='lat' dir='ltr'>re</span> <span class='ocrx_word' id='word_1_375' title='bbox 1052 4029 1121 4082; x_wconf 86' lang='lat' dir='ltr'>bona</span> <span class='ocrx_word' id='word_1_376' title='bbox 1137 4028 1204 4080; x_wconf 90' lang='lat' dir='ltr'>idem</span> <span class='ocrx_word' id='word_1_377' title='bbox 1223 4027 1344 4090; x_wconf 88' lang='lat' dir='ltr'>sentiant,</span> <span class='ocrx_word' id='word_1_378' title='bbox 1368 4025 1425 4077; x_wconf 77' lang='lat' dir='ltr'>clici.</span> <span class='ocrx_word' id='word_1_379' title='bbox 1471 4024 1560 4094; x_wconf 88' lang='lat' dir='ltr'>Atque</span> 
     </span>
    </p>

    <p class='ocr_par' dir='ltr' id='par_1_8' title="bbox 394 4109 1559 4185">
     <span class='ocr_line' id='line_1_39' title="bbox 394 4109 1559 4185; baseline -0.003 -15"><span class='ocrx_word' id='word_1_380' title='bbox 394 4117 443 4170; x_wconf 91' lang='lat' dir='ltr'>hoc</span> <span class='ocrx_word' id='word_1_381' title='bbox 460 4116 564 4185; x_wconf 86' lang='lat' dir='ltr'>quidem</span> <span class='ocrx_word' id='word_1_382' title='bbox 581 4113 670 4167; x_wconf 79' lang='lat' dir='ltr'>Cicero</span> <span class='ocrx_word' id='word_1_383' title='bbox 688 4115 765 4167; x_wconf 86' lang='lat' dir='ltr'>etiam</span> <span class='ocrx_word' id='word_1_384' title='bbox 784 4114 815 4168; x_wconf 90' lang='lat' dir='ltr'>de</span> <span class='ocrx_word' id='word_1_385' title='bbox 828 4131 855 4167; x_wconf 89' lang='lat' dir='ltr'>re</span> <span class='ocrx_word' id='word_1_386' title='bbox 872 4114 941 4167; x_wconf 87' lang='lat' dir='ltr'>mala</span> <span class='ocrx_word' id='word_1_387' title='bbox 959 4115 1080 4180; x_wconf 90' lang='lat' dir='ltr'>usurpat,</span> <span class='ocrx_word' id='word_1_388' title='bbox 1102 4111 1167 4164; x_wconf 91' lang='lat' dir='ltr'>illud</span> <span class='ocrx_word' id='word_1_389' title='bbox 1189 4128 1241 4165; x_wconf 91' lang='lat' dir='ltr'>non</span> <span class='ocrx_word' id='word_1_390' title='bbox 1264 4113 1325 4163; x_wconf 89' lang='lat' dir='ltr'>item</span> <span class='ocrx_word' id='word_1_391' title='bbox 1339 4109 1559 4182; x_wconf 74' lang='lat' dir='ltr'>¹posterioresque</span> 
     </span>
    </p>

    <p class='ocr_par' dir='ltr' id='par_1_9' title="bbox 395 4196 1560 4270">
     <span class='ocr_line' id='line_1_40' title="bbox 395 4196 1560 4270; baseline -0.005 -13"><span class='ocrx_word' id='word_1_392' title='bbox 395 4205 497 4257; x_wconf 88' lang='lat' dir='ltr'>demum</span> <span class='ocrx_word' id='word_1_393' title='bbox 514 4203 654 4270; x_wconf 88' lang='lat' dir='ltr'>scriptores</span> <span class='ocrx_word' id='word_1_394' title='bbox 671 4202 836 4270; x_wconf 87' lang='lat' dir='ltr'>conspirandi</span> <span class='ocrx_word' id='word_1_395' title='bbox 848 4202 954 4255; x_wconf 85' lang='lat' dir='ltr'>verbum</span> <span class='ocrx_word' id='word_1_396' title='bbox 972 4216 1001 4252; x_wconf 89' lang='lat' dir='ltr'>eo</span> <span class='ocrx_word' id='word_1_397' title='bbox 1021 4197 1188 4262; x_wconf 80' lang='lat' dir='ltr'>deduxerunt,</span> <span class='ocrx_word' id='word_1_398' title='bbox 1208 4200 1236 4250; x_wconf 86' lang='lat' dir='ltr'>u&#39;t</span> <span class='ocrx_word' id='word_1_399' title='bbox 1247 4197 1314 4249; x_wconf 89' lang='lat' dir='ltr'>idem</span> <span class='ocrx_word' id='word_1_400' title='bbox 1327 4196 1381 4248; x_wconf 86' lang='lat' dir='ltr'>fero</span> <span class='ocrx_word' id='word_1_401' title='bbox 1398 4198 1468 4248; x_wconf 91' lang='lat' dir='ltr'>esset</span> <span class='ocrx_word' id='word_1_402' title='bbox 1487 4197 1560 4264; x_wconf 88' lang='lat' dir='ltr'>qnod</span> 
     </span>
    </p>

    <p class='ocr_par' dir='ltr' id='par_1_10' title="bbox 395 4283 1560 4354">
     <span class='ocr_line' id='line_1_41' title="bbox 395 4283 1560 4354; baseline -0.003 -12"><span class='ocrx_word' id='word_1_403' title='bbox 395 4290 537 4342; x_wconf 81' lang='lat' dir='ltr'>coniurare.</span> <span class='ocrx_word' id='word_1_404' title='bbox 568 4286 638 4351; x_wconf 79' lang='lat' dir='ltr'>Quae</span> <span class='ocrx_word' id='word_1_405' title='bbox 656 4290 741 4345; x_wconf 84' lang='lat' dir='ltr'>autern</span> <span class='ocrx_word' id='word_1_406' title='bbox 754 4288 785 4342; x_wconf 90' lang='lat' dir='ltr'>de</span> <span class='ocrx_word' id='word_1_407' title='bbox 802 4289 932 4342; x_wconf 88' lang='lat' dir='ltr'>intestinis</span> <span class='ocrx_word' id='word_1_408' title='bbox 950 4288 1025 4341; x_wconf 84' lang='lat' dir='ltr'>malis</span> <span class='ocrx_word' id='word_1_409' title='bbox 1043 4288 1129 4340; x_wconf 85' lang='lat' dir='ltr'>orator</span> <span class='ocrx_word' id='word_1_410' title='bbox 1141 4286 1266 4354; x_wconf 88' lang='lat' dir='ltr'>deplorat,</span> <span class='ocrx_word' id='word_1_411' title='bbox 1278 4284 1366 4336; x_wconf 88' lang='lat' dir='ltr'>eadem</span> <span class='ocrx_word' id='word_1_412' title='bbox 1384 4297 1465 4352; x_wconf 87' lang='lat' dir='ltr'>prope</span> <span class='ocrx_word' id='word_1_413' title='bbox 1477 4283 1560 4339; x_wconf 85' lang='lat' dir='ltr'>habet</span> 
     </span>
    </p>

    <p class='ocr_par' dir='ltr' id='par_1_11' title="bbox 307 4370 1559 4443">
     <span class='ocr_line' id='line_1_42' title="bbox 307 4370 1559 4443; baseline -0.006 -13"><span class='ocrx_word' id='word_1_414' title='bbox 307 4428 311 4438; x_wconf 83' lang='grc'><em>,</em></span> <span class='ocrx_word' id='word_1_415' title='bbox 392 4376 420 4429; x_wconf 92' lang='lat' dir='ltr'>in</span> <span class='ocrx_word' id='word_1_416' title='bbox 438 4374 494 4429; x_wconf 80' lang='lat' dir='ltr'>cat.</span> <span class='ocrx_word' id='word_1_417' title='bbox 511 4372 544 4438; x_wconf 91' lang='lat'>11,</span> <span class='ocrx_word' id='word_1_418' title='bbox 562 4373 587 4438; x_wconf 82' lang='lat'>5,</span> <span class='ocrx_word' id='word_1_419' title='bbox 607 4374 636 4427; x_wconf 95' lang='grc'>11</span> <span class='ocrx_word' id='word_1_420' title='bbox 658 4373 741 4429; x_wconf 83' lang='lat' dir='ltr'>Nulla</span> <span class='ocrx_word' id='word_1_421' title='bbox 758 4378 880 4430; x_wconf 80' lang='lat' dir='ltr'>ostentm</span> <span class='ocrx_word' id='word_1_422' title='bbox 898 4378 979 4441; x_wconf 75' lang='lat' dir='ltr'>natio,</span> <span class='ocrx_word' id='word_1_423' title='bbox 998 4392 1074 4443; x_wconf 80' lang='lat' dir='ltr'>qrraro</span> <span class='ocrx_word' id='word_1_424' title='bbox 1089 4373 1309 4443; x_wconf 71' lang='lat' dir='ltr'>pertitneseamua</span> <span class='ocrx_word' id='word_1_425' title='bbox 1327 4370 1412 4422; x_wconf 74' lang='lat' dir='ltr'>cavillus</span> <span class='ocrx_word' id='word_1_426' title='bbox 1430 4383 1494 4432; x_wconf 78' lang='lat' dir='ltr'>rex,</span> <span class='ocrx_word' id='word_1_427' title='bbox 1513 4371 1559 4438; x_wconf 83' lang='lat' dir='ltr'>qai</span> 
     </span>
    </p>

    <p class='ocr_par' dir='ltr' id='par_1_12' title="bbox 393 4444 1558 4531">
     <span class='ocr_line' id='line_1_43' title="bbox 393 4444 1558 4531; baseline -0.003 -17"><span class='ocrx_word' id='word_1_428' title='bbox 393 4460 486 4514; x_wconf 82' lang='lat' dir='ltr'>bellam</span> <span class='ocrx_word' id='word_1_429' title='bbox 505 4444 609 4528; x_wconf 80' lang='lat' dir='ltr'>populo</span> <span class='ocrx_word' id='word_1_430' title='bbox 628 4460 746 4514; x_wconf 81' lang='lat' dir='ltr'>Romano</span> <span class='ocrx_word' id='word_1_431' title='bbox 762 4461 856 4530; x_wconf 78' lang='lat' dir='ltr'>faeere</span> <span class='ocrx_word' id='word_1_432' title='bbox 874 4463 973 4531; x_wconf 81' lang='lat' dir='ltr'>possit.-</span> <span class='ocrx_word' id='word_1_433' title='bbox 1003 4460 1090 4513; x_wconf 80' lang='lat' dir='ltr'>arania</span> <span class='ocrx_word' id='word_1_434' title='bbox 1113 4466 1174 4512; x_wconf 75' lang='lat' dir='ltr'>aurat</span> <span class='ocrx_word' id='word_1_435' title='bbox 1197 4465 1305 4512; x_wconf 69' lang='lat' dir='ltr'>externa</span> <span class='ocrx_word' id='word_1_436' title='bbox 1322 4456 1398 4508; x_wconf 83' lang='lat' dir='ltr'>anias</span> <span class='ocrx_word' id='word_1_437' title='bbox 1417 4455 1558 4524; x_wconf 87' lang='lat' dir='ltr'>(Pompeii)</span> 
     </span>
    </p>

    <p class='ocr_par' dir='ltr' id='par_1_13' title="bbox 392 4542 1559 4704">
     <span class='ocr_line' id='line_1_44' title="bbox 392 4542 1559 4616; baseline -0.002 -19"><span class='ocrx_word' id='word_1_438' title='bbox 392 4544 488 4597; x_wconf 81' lang='lat' dir='ltr'>virtute</span> <span class='ocrx_word' id='word_1_439' title='bbox 507 4551 578 4597; x_wconf 85' lang='lat' dir='ltr'>terra</span> <span class='ocrx_word' id='word_1_440' title='bbox 595 4545 713 4615; x_wconf 79' lang='lat' dir='ltr'>marique</span> <span class='ocrx_word' id='word_1_441' title='bbox 726 4555 840 4616; x_wconf 81' lang='lat' dir='ltr'>pacata:</span> <span class='ocrx_word' id='word_1_442' title='bbox 861 4548 1026 4601; x_wconf 78' lang='lat' dir='ltr'>rlonrestioura</span> <span class='ocrx_word' id='word_1_443' title='bbox 1044 4547 1135 4599; x_wconf 75' lang='lat' dir='ltr'>bellarm</span> <span class='ocrx_word' id='word_1_444' title='bbox 1154 4552 1252 4597; x_wconf 71' lang='lat' dir='ltr'>coenet:</span> <span class='ocrx_word' id='word_1_445' title='bbox 1270 4544 1339 4595; x_wconf 79' lang='lat' dir='ltr'>intua</span> <span class='ocrx_word' id='word_1_446' title='bbox 1356 4542 1470 4596; x_wconf 76' lang='lat' dir='ltr'>insidiae</span> <span class='ocrx_word' id='word_1_447' title='bbox 1490 4551 1559 4607; x_wconf 75' lang='lat' dir='ltr'>aurat,</span> 
     </span>
     <span class='ocr_line' id='line_1_45' title="bbox 392 4625 1397 4704; baseline 0.01 -22"><span class='ocrx_word' id='word_1_448' title='bbox 392 4631 463 4684; x_wconf 77' lang='lat' dir='ltr'>intua</span> <span class='ocrx_word' id='word_1_449' title='bbox 480 4630 608 4687; x_wconf 79' lang='lat' dir='ltr'>inclusam</span> <span class='ocrx_word' id='word_1_450' title='bbox 621 4633 768 4704; x_wconf 82' lang='lat' dir='ltr'>periculum</span> <span class='ocrx_word' id='word_1_451' title='bbox 786 4641 831 4698; x_wconf 84' lang='lat' dir='ltr'>est,</span> <span class='ocrx_word' id='word_1_452' title='bbox 851 4635 919 4687; x_wconf 79' lang='lat' dir='ltr'>intus</span> <span class='ocrx_word' id='word_1_453' title='bbox 937 4640 976 4686; x_wconf 79' lang='lat' dir='ltr'>eat</span> <span class='ocrx_word' id='word_1_454' title='bbox 992 4632 1078 4685; x_wconf 77' lang='lat' dir='ltr'>tostis.</span> <span class='ocrx_word' id='word_1_455' title='bbox 1109 4629 1146 4683; x_wconf 75' lang='lat' dir='ltr'>ds.</span> <span class='ocrx_word' id='word_1_456' title='bbox 1165 4646 1190 4698; x_wconf 91' lang='lat' dir='ltr'>p.</span> <span class='ocrx_word' id='word_1_457' title='bbox 1212 4629 1275 4682; x_wconf 84' lang='lat' dir='ltr'>Mur.</span> <span class='ocrx_word' id='word_1_458' title='bbox 1295 4627 1337 4691; x_wconf 70' lang='lat'>37,</span> <span class='ocrx_word' id='word_1_459' title='bbox 1356 4625 1397 4680; x_wconf 77' lang='lat'>73·</span> 
     </span>
    </p>
   </div>
   <div class='ocr_carea' id='block_1_5' title="bbox 0 0 1780 5492">
    <p class='ocr_par' dir='ltr' id='par_1_14' title="bbox 0 0 1780 5492">
     <span class='ocr_line' id='line_1_46' title="bbox 0 0 1780 5492; baseline 0 1"><span class='ocrx_word' id='word_1_460' title='bbox 0 0 1780 5492; x_wconf 95' lang='lat' dir='ltr'> </span> 
     </span>
    </p>
   </div>
  </div>
 </body>
</html>
