3550 5492
777 670 779 673 .
870 608 1082 681 -10-

400 779 470 842 dere
493 784 522 843 et
544 780 700 845 censorius
724 800 794 861 ager
822 779 961 863 privatus
985 784 1045 860 est,
1074 779 1148 862 quid
1170 781 1281 845 attinet
1303 780 1424 864 excipi?
1451 782 1553 847 sinet

347 934 351 940 .
398 879 504 945 foedus
527 881 606 946 illud
620 881 712 945 habet
726 880 861 965 aliquam
884 879 1106 945 dubitationem
1129 887 1160 945 et
1174 902 1245 965 ager
1260 883 1417 946 censorius
1441 884 1552 950 dicitur

398 1003 622 1068 nonnunquam
639 1006 705 1049 osse
727 985 878 1069 publicus,
901 1006 994 1069 quem
1009 990 1098 1070 putat
1112 985 1359 1050 existimaturum
1382 987 1460 1052 duas
1484 1009 1552 1053 can·

391 1072 449 1148 sas
471 1085 506 1149 in
524 1085 595 1149 orbe
610 1092 760 1151 terrarum
778 1090 923 1170 reportas,
946 1085 1058 1170 quibus
1081 1087 1177 1169 gratis
1198 1087 1355 1173 parceret?
1382 1090 1552 1176 Numquis·

398 1208 472 1250 narn
504 1186 630 1251 tandem
663 1189 825 1252 abstrusus
856 1208 1003 1252 nummus
1031 1207 1164 1272 usquam
1196 1188 1334 1271 videtur,
1367 1211 1462 1274 quem
1494 1214 1553 1259 non

399 1288 557 1353 architecti
585 1291 714 1354 huiusce
735 1289 811 1373 legis
841 1288 1018 1354 olfecerint?
1061 1289 1247 1371 Provinciae,
1270 1290 1408 1364 civitates
1430 1294 1552 1376 liberae,

400 1392 506 1473 socios,
529 1392 643 1456 amicos
666 1406 750 1474 reges
772 1391 905 1474 denique
919 1391 1121 1480 exhauriunt:
1144 1391 1308 1457 admovent
1323 1414 1435 1459 manus
1457 1398 1554 1462 vecti-

400 1495 520 1579 galibus
542 1495 648 1580 populi
669 1496 810 1559 Romani.
853 1495 923 1558 Non
945 1499 992 1558 est
1013 1494 1099 1560 satis.
1317 1568 1319 1572 Α

359 1604 390 1655 lt
486 1598 601 1661 Audite
641 1618 729 1677 voa,
751 1597 805 1679 qui
838 1596 1026 1680 amplissimo
1066 1597 1172 1682 populi
1218 1604 1405 1681 senatusque
1439 1601 1555 1667 iudicio

399 1702 550 1768 exercitus
573 1701 726 1764 habuistis
749 1706 779 1764 et
796 1700 874 1762 bella
897 1701 1052 1784 gessistis:
1075 1704 1158 1786 quod
1179 1705 1223 1766 aa
1245 1726 1393 1787 quemque
1409 1711 1554 1789 pervertit

483 1885 513 1922 ll.
528 1887 547 1923 et
560 1882 710 1920 Recentoricus
722 1891 783 1929 aper.
796 1901 821 1908 -
834 1882 886 1944 quiet
903 1882 1022 1920 attinuerit.
1041 1901 1066 1910 —
1082 1891 1142 1929 quem
1155 1885 1220 1929 putet.
1240 1902 1265 1910 -
1287 1892 1341 1930 aper
1355 1883 1514 1926 Recentoricus.
1532 1907 1553 1916 -

396 1953 452 1991 Num
461 1954 560 1999 quisnam
586 1955 630 1990 tam
643 1951 754 1990 abstrusus
767 1959 856 1996 usquam
869 1959 972 1989 nummus.
985 1970 1009 1977 —
1026 1950 1056 1988 12.
1071 1951 1155 2000 Audite,
1167 1952 1241 1991 uuette
1255 1961 1295 1990 aas.
1309 1968 1333 1980 -

397 2089 523 2156 quisnam.
559 2087 627 2141 Vera
648 2088 711 2140 haec
733 2090 773 2139 est
790 2086 933 2140 Lauredani
957 2087 1111 2139 coniectura.
1149 2087 1216 2140 Nam
1239 2087 1306 2156 quod
1329 2088 1429 2142 codices
1455 2091 1553 2146 hebent

389 2172 466 2250 'nune
481 2173 782 2240 quisnamesset'rebus
805 2173 843 2224 sic
860 2173 1019 2245 comparatis
1037 2173 1155 2239 quisnam
1177 2189 1257 2242 eaque
1279 2175 1404 2242 particule
1422 2180 1554 2246 oppositio

397 2258 520 2327 quaedam
540 2258 739 2328 significaretur,
764 2273 903 2326 quaecum
926 2259 955 2310 in
972 2259 1061 2311 eadem
1078 2276 1105 2312 re
1127 2262 1213 2313 orator
1230 2263 1334 2329 pergat,
1356 2261 1397 2314 hic
1416 2263 1490 2316 nulla
1507 2269 1554 2318 est.

396 2344 434 2398 ct.
454 2345 485 2397 de
502 2347 568 2403 orat.
586 2344 618 2407 ll,
635 2345 660 2408 3,
679 2343 712 2397 13
737 2344 807 2406 Quid
821 2360 867 2396 vos
885 2345 996 2407 tandem,
1016 2343 1138 2408 Crassus,
1155 2345 1347 2412 nutuquiduarn,
1364 2347 1456 2414 inquit,
1475 2338 1556 2404 nouit

396 2435 460 2485 orat.
480 2434 546 2500 part.
565 2432 595 2494 7,
613 2430 646 2482 26
664 2414 848 2496 numquidnam
865 2430 897 2483 de
915 2437 1017 2483 oratore
1034 2432 1091 2499 apso
1108 2433 1212 2494 aestati
1232 2448 1257 2498 p.
1276 2431 1351 2485 Rosa.
1369 2433 1427 2485 Am
1445 2434 1554 2500 37,107

396 2517 586 2584 Numquisnam
600 2517 760 2584 praetereat
781 2515 863 2568 Nemo
881 2524 927 2580 cst,
945 2517 1050 2568 iudices.
1076 2515 1143 2568 lllnd
1154 2515 1206 2569 h.l.
1219 2517 1341 2583 notabile,
1353 2501 1422 2586 quoii
1440 2523 1554 2590 augendi

396 2618 474 2655 eausa
492 2601 612 2655 adiicitur
630 2602 739 2654 taudem.
775 2600 864 2669 Neque
882 2602 949 2654 enim
968 2601 1055 2665 video,
1074 2617 1119 2654 cur
1136 2601 1163 2654 id
1180 2603 1348 2657 vetustissimi
1370 2606 1420 2657 iam
1438 2607 1553 2662 editores

346 2699 349 2704 '
396 2689 515 2741 intanto
538 2689 654 2742 codicum
676 2693 804 2741 consensu
827 2689 950 2740 mutarint
971 2688 998 2739 in
1021 2693 1081 2740 tata.
1125 2688 1205 2751 Quasi
1226 2704 1286 2742 vero
1303 2689 1424 2744 Latinum
1446 2696 1553 2748 nonsit

396 2776 481 2828 pullus
499 2785 615 2827 niteamus
633 2774 765 2826 abstrusus
788 2774 898 2836 videtur,
917 2788 990 2840 quem
1011 2786 1063 2824 aaa
1084 2773 1233 2842 nitemini!
1266 2775 1305 2830 Cf.
1323 2779 1386 2830 orat.
1404 2778 1436 2842 ll,
1457 2779 1499 2843 18,
1516 2781 1551 2833 te

394 2879 459 2929 quas
476 2862 522 2913 isti
533 2861 639 2930 penitus
656 2861 789 2913 mamaeae
805 2860 916 2912 insidias
933 2860 1086 2927 seposuisse
1100 2859 1270 2916 arbitrantur.
1301 2862 1446 2917 Architecti
1463 2869 1551 2920 autem

394 2965 485 3001 nomen
513 2949 579 3001 solet
601 2947 633 2999 ad
660 2947 733 3000 dolos
756 2949 783 2999 et
808 2947 901 2999 malurn
927 2961 981 2997 rem
1002 2947 1140 3015 applicari,
1167 2951 1196 3001 ut
1218 2965 1244 3017 p.
1264 2950 1337 3002 Rosa.
1357 2950 1413 3010 Am.
1432 2952 1480 3016 45,
1502 2953 1551 3006 132

393 3035 505 3086 ommium
522 3033 689 3086 architectum
707 3041 732 3086 et
747 3033 948 3107 machinatorem
966 3049 1044 3084 unum
1062 3049 1115 3086 esse
1135 3031 1333 3101 Chrysoqonam,
1351 3035 1385 3104 pq
1396 3036 1498 3091 Cleant.
1509 3039 1551 3103 22,

393 3120 428 3174 60
451 3121 536 3189 ipsum
555 3120 704 3189 principem
725 3113 806 3187 atque
828 3117 997 3172 architectum
1015 3119 1119 3172 sceleris
1139 3118 1317 3172 absolverent?
1353 3122 1438 3190 Atque
1455 3123 1495 3175 ita
1511 3129 1552 3178 est

393 3207 461 3258 mira
477 3207 491 3270 ξ
510 3207 542 3259 16
560 3206 617 3258 istis
636 3207 687 3259 tuis
698 3206 797 3270 tarum
813 3220 901 3256 rerum
917 3203 1144 3267 machinatoribus,
1162 3204 1359 3270 steatitis,
1374 3208 1408 3260 50
1425 3208 1461 3259 ad
1479 3210 1552 3262 iliius

393 3307 454 3360 opes
471 3292 621 3350 evermudas
639 3288 769 3360 tamquam
790 3290 912 3342 iuactina
933 3297 1107 3358 comparatur.
1129 3319 1163 3328 -
1186 3291 1289 3344 arnicas.
1330 3292 1481 3359 Superiores
1499 3294 1552 3347 edi·

395 3381 464 3430 tores
482 3378 600 3430 solebant
616 3376 665 3430 hoo
682 3381 813 3447 tamquam
830 3391 863 3428 ex
880 3391 962 3443 aequo
983 3377 1096 3444 positum
1119 3379 1194 3444 atque
1211 3393 1243 3429 ea
1260 3392 1324 3444 qnae
1343 3377 1498 3431 antecedunt
1515 3382 1552 3433 in-

393 3464 517 3534 telligere,
535 3465 603 3533 quod
621 3465 697 3533 quale
714 3479 772 3516 esse
788 3463 872 3532 possit
888 3478 941 3515 non
958 3463 1095 3537 perspicio.
1121 3463 1270 3516 Provincias
1287 3462 1412 3528 intelligo,
1430 3463 1570 3527 civitatee,

394 3551 488 3602 liberas
501 3551 625 3619 intelligo,
639 3551 700 3623 item
712 3545 806 3613 socios,
818 3548 937 3601 nimirum
950 3546 1094 3601 foederatas
1106 3549 1230 3610 civitates,
1248 3547 1412 3609 seclamicia
1426 3547 1552 3604 Romanis

393 3653 522 3704 nunquam
539 3637 703 3706 appellantur
724 3635 774 3687 nisi
795 3635 846 3703 ipsi
868 3634 906 3686 illi
924 3635 968 3703 qui
990 3637 1131 3702 sequuntur
1152 3649 1233 3702 reges.
1274 3632 1341 3684 Num
1359 3633 1437 3698 igitur
1457 3635 1551 3691 eiicere

392 3722 478 3791 placet
495 3723 609 3775 etnicos?
633 3723 692 3775 Non
709 3720 790 3789 probo
809 3708 907 3772 tantam
919 3721 980 3784 vim,
998 3720 1043 3772 sed
1055 3719 1246 3787 coniungendos
1265 3733 1321 3771 esse
1339 3734 1432 3772 censeo
1451 3723 1550 3776 amieos

392 3825 473 3877 repes,
490 3813 520 3862 ut
537 3811 682 3864 coniunctio
700 3808 808 3874 (leuique
830 3807 906 3860 tertio
929 3807 986 3859 loco
1004 3807 1108 3874 regibus
1127 3804 1215 3857 addita
1232 3805 1292 3857 huic
1310 3806 1360 3869 rei,
1383 3805 1450 3873 quod
1472 3822 1549 3876 reges

391 3895 443 3963 ipsi
460 3897 650 3960 exhauriantur,
666 3895 768 3965 pondus
780 3893 886 3963 aliquod·
896 3892 1008 3946 adiiciat.
1031 3893 1132 3946 litenim
1150 3897 1210 3945 sunt
1227 3893 1305 3945 etiam
1324 3893 1367 3944 alii
1378 3908 1459 3962 reges,
1477 3894 1550 3947 nulla

393 3981 506 4034 amicitia
532 3999 590 4035 cum
614 3982 712 4050 populo
739 3972 855 4033 Romano
882 3968 1025 4043 coniuncti,
1055 3994 1119 4046 quos
1149 3980 1236 4032 vexari
1263 3978 1351 4032 Cicero
1380 3994 1432 4031 non
1460 3981 1550 4046 potest

393 4083 469 4137 aegre
487 4068 561 4121 ferre.
591 4133 593 4136 Ι
636 4116 638 4121 ,

480 4173 520 4225 12.
540 4171 636 4225 audite.
658 4168 793 4222 Geminare
810 4167 859 4220 hoc
877 4167 983 4220 verbum
1001 4184 1067 4221 nunc
1085 4169 1168 4222 solent
1185 4170 1306 4233 editores,
1326 4184 1373 4222 noe
1390 4184 1447 4221 cum
1464 4168 1493 4221 in
1513 4185 1551 4239 se

393 4261 454 4311 natu
474 4259 555 4311 oratio
572 4256 705 4316 habeatur,
723 4255 821 4305 tantam
839 4253 941 4306 dicendi
962 4255 1146 4308 vehementiam
1169 4272 1244 4324 quam
1262 4256 1318 4309 cod.
1337 4255 1476 4309 auctoritas
1496 4271 1548 4308 non

393 4344 555 4413 comprobet,
571 4339 687 4394 inutilem
708 4353 766 4390 csse
783 4339 933 4392 iudicamus.
961 4369 994 4378 —
1016 4342 1138 4410 pervenit
1153 4351 1201 4408 aut
1212 4342 1368 4413 pervenerit.
1415 4340 1492 4393 (terta
1509 4346 1550 4395 est

395 4430 459 4483 haec
480 4428 592 4483 omnium
614 4414 898 4487 codicum'nostrorum
920 4426 1005 4492 lectio,
1032 4429 1074 4480 cui
1097 4429 1294 4482 assentiendum.
1340 4427 1377 4480 nt
1391 4428 1423 4500 “in
1446 4426 1549 4494 legibus

395 4516 538 4583 edictisque
554 4526 612 4564 cum
629 4511 753 4577 tempora,
772 4515 1091 4583 praesens,¹praeteritum,
1107 4516 1229 4580 futurum,
1247 4514 1371 4567 cumulari
1389 4513 1498 4577 soleant,
1517 4530 1550 4567 ne

393 4617 444 4669 qna
459 4615 501 4655 res
517 4612 570 4650 non
587 4590 825 4664 comprehendatru',
842 4600 970 4668 particula
986 4617 1116 4669 nunquam
1131 4602 1314 4670 interponitur.
1348 4600 1437 4667 Neque
1455 4599 1548 4656 Gicero

392 4702 449 4740 eam
470 4682 633 4746 inseruisset,
655 4683 678 4734 si
699 4683 782 4751 ipsius
804 4685 870 4755 legis
892 4686 970 4739 rerba
992 4686 1086 4740 reterre
1108 4687 1245 4750 voluisset,
1266 4686 1312 4739 sed
1334 4702 1366 4738 ea
1387 4702 1439 4740 non
1456 4686 1548 4743 referri
