3550 5492
765 579 1000 645 -134-

305 768 365 833 que
386 746 506 812 civibus
528 743 732 825 ademissent,
758 747 864 809 tamen
890 763 953 808 uon
982 741 1084 809 defore
1105 742 1160 828 qui
1185 741 1243 807 illa
1260 741 1444 809 restituerent

305 857 398 936 atque
419 852 474 936 qui
496 850 601 918 omnia
622 855 693 914 ante
715 853 940 914 commutarent
961 867 1054 931 quam
1076 846 1264 913 nos-audire
1288 865 1444 932 possemus:

304 954 356 1020 hic
377 954 498 1020 veroin
515 951 610 1019 oculis
632 955 758 1016 senatus
778 948 949 1035 populique
960 948 1093 1015 Romani
1106 948 1188 1013 nihil
1208 967 1299 1034 posse
1320 946 1445 1029 existere,

306 1056 388 1141 quod
409 1076 472 1120 non
493 1060 565 1120 ante
587 1051 727 1136 extingui
749 1055 841 1136 atque
868 1051 1001 1136 opprimi
1028 1055 1132 1136 posset
1152 1070 1248 1134 quam
1268 1049 1364 1136 plane
1384 1054 1447 1115 essa

305 1165 446 1225 exortum
467 1178 503 1222 ac
524 1163 642 1221 natum.
686 1153 794 1237 Neque
815 1172 888 1217 uero
917 1172 954 1217 ea
980 1172 1029 1217 res
1057 1151 1166 1217 fefellit
1191 1151 1335 1217 homines
1358 1152 1448 1217 diuma

305 1268 409 1328 mente
430 1266 461 1326 et
482 1258 610 1326 consilio
632 1256 796 1343 praeditos.
848 1255 929 1337 Nam
955 1262 1025 1340 post
1047 1256 1081 1331 Q.
1104 1254 1251 1320 Fulvium
1274 1255 1309 1332 Q.
1332 1252 1449 1319 Fabium

306 1363 456 1445 consules,
478 1361 593 1446 quibus
616 1358 794 1424 consulibus
810 1357 916 1443 Capua
938 1356 1058 1423 devicta
1079 1362 1172 1442 atque
1193 1362 1285 1442 capta
1305 1362 1363 1440 est,
1383 1357 1449 1422 nibil

305 1469 407 1535 estin
429 1487 466 1533 ea
486 1466 563 1531 urbe
584 1469 689 1529 contra
710 1463 790 1528 hane
820 1462 1045 1548 rempublicam
1070 1482 1134 1527 non
1161 1461 1229 1527 dico
1248 1461 1382 1543 iactum,
1406 1460 1448 1525 sed

305 1570 386 1639 nihil
416 1569 541 1637 omnino
574 1567 790 1652 excogitatum.
844 1568 945 1635 Multa
969 1573 1076 1654 postea
1108 1567 1190 1633 bella
1223 1588 1298 1633 cum
1329 1566 1447 1651 regibus,

390 1766 423 1805 9⁰.
435 1771 499 1815 omas
516 1765 568 1818 [qai]
582 1768 660 1807 manc.
679 1785 705 1797 ··
721 1770 789 1817 plane
807 1771 905 1810 acrium
921 1778 948 1807 ao
966 1771 1040 1808 autem
1053 1771 1113 1809 esset.
1126 1786 1151 1801 -ι
1164 1768 1186 1809 ia
1199 1767 1240 1807 ille
1253 1766 1312 1807 urbe.
1333 1784 1360 1799 -
1379 1765 1448 1807 enm

306 1839 337 1878 cat
349 1837 470 1886 certunm.
486 1856 503 1865 -
522 1837 578 1877 detta
591 1839 651 1885 cesta
665 1846 718 1877 ersa

307 2000 340 2054 ad
356 2000 411 2054 stt.
428 1998 506 2066 XIV,
523 2002 552 2066 4,
571 2001 587 2054 2
603 2001 667 2054 item
684 2000 789 2054 deloco
810 1998 975 2069 Combogioc
1011 1999 1093 2053 Paulo
1115 2002 1176 2069 post
1197 1998 1229 2052 de
1246 1998 1362 2054 Turnebi
1378 1994 1448 2052 cerie

306 2090 380 2140 ctnra
397 2085 523 2138 edidimus
541 2085 718 2153 maganutus,
736 2100 787 2136 non
804 2085 1000 2153 aougistrotuoo,
1024 2083 1092 2153 quod
1116 2083 1216 2137 codices
1233 2083 1339 2138 habent
1374 2081 1449 2149 Neque

306 2173 374 2224 enim
391 2171 528 2240 singularis
546 2170 637 2224 Latine
655 2169 687 2222 de
704 2170 822 2238 pluribus
839 2171 1032 2239 magIstratibus
1055 2170 1161 2235 dicitur,
1183 2169 1215 2223 de
1237 2169 1356 2238 pluribus
1378 2170 1451 2221 1111111

309 2255 502 2324 magistratibus
520 2254 597 2309 debet
613 2256 706 2320 dicere,
724 2257 784 2324 quia
801 2272 854 2310 uon
871 2257 948 2311 modo
966 2257 1058 2327 siquis
1069 2272 1136 2311 unus
1148 2272 1263 2311 summus
1281 2259 1352 2311 esset
1366 2254 1395 2307 in
1408 2251 1452 2305 illis

308 2341 416 2395 urbibus
433 2342 599 2410 magistratus
611 2343 652 2406 (ac
662 2340 765 2410 Capuae
777 2335 879 2410 quidem
896 2358 963 2396 unus
981 2342 1065 2397 fuerat
1081 2356 1204 2406 summus,
1220 2342 1265 2411 qui
1281 2338 1452 2395 Medlxtutieus

306 2426 455 2490 vocabatur,
472 2424 528 2479 Ltv.
545 2425 645 2490 XXVI,
655 2426 689 2490 6),
708 2441 797 2479 verum
815 2427 893 2479 etiam
910 2428 1022 2495 reliquos
1034 2427 1169 2481 inferiores
1181 2426 1297 2481 sublatos
1309 2439 1368 2479 esse
1385 2420 1453 2491 sigui·

306 2512 384 2565 ficare
401 2511 465 2564 vult.
498 2514 587 2580 Itaque
604 2512 682 2564 etiam
700 2526 779 2579 supra
798 2513 812 2576 ᾗ
830 2511 864 2566 88
882 2513 948 2566 dixit
968 2513 1152 2582 1111191111111111,
1171 2518 1295 2565 acacium.
1335 2511 1390 2565 Nec
1404 2521 1453 2579 pre
1495 2572 1497 2581 Ι

307 2599 378 2652 fecto
395 2596 513 2651 codicum
530 2600 678 2651 nostrorum
694 2613 747 2651 non
764 2613 796 2650 ea
812 2600 854 2651 ast
869 2598 1012 2662 uitiositas,
1029 2601 1059 2651 ut
1079 2613 1132 2651 non
1153 2596 1228 2650 iadle
1249 2595 1328 2649 talem
1352 2606 1454 2648 errorem
1495 2588 1497 2625 ³

308 2683 424 2737 accidere
447 2683 562 2752 potuisse
583 2684 764 2754 intelligamus.
804 2683 859 2737 Nec
883 2686 970 2735 tamen
992 2698 1081 2737 rursus
1105 2681 1195 2750 paucis
1217 2680 1303 2734 verbis
1325 2681 1389 2748 post
1406 2690 1455 2730 cun

307 2771 407 2825 cedices
424 2771 536 2824 habeant
553 2778 630 2839 atquc
647 2772 700 2840 qai,
718 2772 829 2825 ammom
841 2771 973 2839 potuimus
986 2768 1115 2832 inducere,
1127 2765 1312 2821 utErnestium
1322 2774 1456 2833 pronomen

308 2857 435 2910 delentem
452 2856 629 2924 probaremus.
663 2855 757 2909 Facilis
776 2871 838 2909 sane
854 2855 919 2909 haee
935 2858 1005 2908 esset
1021 2853 1179 2918 emendatio,
1202 2851 1249 2907 sed
1265 2851 1328 2905 licet
1344 2849 1409 2903 alios
1423 2847 1456 2899 in·

305 2944 430 3012 telligere,
442 2943 487 3010 qui
499 2944 599 2995 ueteres
610 2941 778 3010 magistratus
789 2941 924 2994 restituere
937 2939 1025 3004 veiint,
1042 2938 1116 3004 alios,
1133 2939 1178 3008 qui
1195 2937 1281 2991 omnia
1298 2929 1454 2993 commutent

306 3046 354 3083 nee
370 3031 398 3083 in
419 3030 451 3082 iis
469 3029 560 3093 rebus,
587 3043 652 3096 quae
670 3028 782 3097 aliquam
804 3026 952 3095 explicandi
973 3026 1099 3079 rationem
1122 3024 1300 3087 admitterent,
1322 3016 1456 3075 sententiae

306 3115 451 3184 proprietas
468 3114 604 3167 uidebatur
621 3129 679 3167 esse
697 3113 812 3167 delenda.
848 3113 886 3167 Ci.
904 3127 983 3183 supra
1000 3111 1033 3164 ad
1050 3113 1065 3178 ξ
1082 3110 1124 3165 81.
1147 3138 1181 3151 -
1204 3127 1282 3178 queam
1300 3101 1384 3178 pleae
1400 3106 1457 3159 osu

308 3209 433 3254 eamdam
467 3199 574 3253 Codices
591 3200 713 3253 omittunt
729 3201 835 3253 verbum
852 3207 930 3262 emet,
953 3199 1022 3268 quod
1042 3198 1173 3267 eleganter
1195 3197 1281 3251 omitti
1302 3210 1368 3249 cave
1385 3191 1457 3245 eau-

307 3286 379 3337 tonio
396 3284 494 3337 credas.
529 3283 596 3336 Nam
613 3300 646 3336 ex
663 3286 756 3338 natura
772 3288 848 3353 atque
866 3285 964 3354 origine
987 3300 1045 3338 cum
1068 3291 1206 3352 umquam
1228 3297 1280 3335 non
1304 3282 1391 3335 minus
1407 3293 1458 3333 cun

307 3368 386 3421 verbo
405 3367 526 3436 coniungi
543 3369 662 3434 oporteat
679 3383 755 3437 quarn
766 3368 865 3437 reliqua
876 3371 993 3436 relativa,
1010 3371 1095 3425 omitti
1111 3369 1140 3423 id
1151 3384 1228 3438 posse
1246 3364 1459 3432 crediderim-ubi

308 3458 348 3505 cet
362 3451 405 3504 rel
422 3466 476 3505 ease
494 3452 655 3520 suppleatur;
673 3468 826 3522 quamquam
848 3455 918 3523 apud
936 3454 1084 3510 Ciceronem
1101 3455 1203 3524 quidem
1223 3453 1323 3507 nullum
1340 3449 1460 3507 masmelli

307 3537 453 3606 exemplum
469 3539 561 3608 reperi,
578 3537 625 3591 sed
641 3539 667 3592 11.
678 3539 696 3592 l.
713 3540 898 3610 intelligeretur
914 3549 988 3596 caret.
1022 3542 1111 3612 ltaque
1133 3541 1259 3595 excidisse
1276 3542 1390 3595 arbitror
1405 3542 1459 3593 ante

308 3625 435 3695 syllabam
453 3640 485 3678 ec
501 3625 670 3695 praecedente
686 3626 765 3679 etiam
781 3626 869 3680 littera
887 3645 909 3682 c.
927 3656 961 3665 —
973 3635 1037 3697 poet
1053 3627 1083 3690 Q.
1094 3626 1217 3681 Fulvium
1235 3626 1265 3691 Q.
1284 3625 1461 3682 Fabiamcca·

308 3713 383 3765 culce.
418 3711 496 3765 Error
512 3713 537 3764 h.
556 3712 573 3765 l.
591 3728 700 3782 magnus
719 3717 760 3766 est
782 3713 813 3766 de
835 3730 863 3768 re
881 3731 933 3767 una
949 3730 1031 3783 prope
1053 3714 1166 3769 maxima
1182 3715 1244 3768 belli
1263 3714 1365 3779 Punici,
1390 3727 1461 3782 quan

307 3797 388 3849 cuiuis
406 3796 579 3849 Romanorum
596 3797 757 3851 notissimam
774 3813 831 3853 esse
849 3800 974 3854 crederes.
1001 3800 1066 3854 Nam
1084 3799 1173 3868 Capua
1189 3803 1267 3869 capta
1283 3804 1325 3854 est
1336 3816 1406 3855 anno
1414 3797 1459 3853 211

308 3898 332 3934 a.
350 3880 409 3934 Chr.
428 3880 473 3934 Cn.
491 3881 582 3935 Fuluio
601 3882 749 3936 Centumalo
766 3884 796 3938 P.
815 3884 932 3953 Sulpicio
951 3883 1033 3937 Galba
1049 3897 1112 3948 eos,
1129 3884 1169 3937 illi
1186 3888 1279 3949 autem,
1297 3899 1364 3953 quos
1376 3883 1461 3939 Cicero

308 3969 431 4031 nominat,
449 3969 579 4034 consules,
605 3969 635 4033 Q.
652 3970 758 4023 Fuluius
781 3972 886 4024 Flaccus
896 3971 933 4024 lV
951 3970 979 4034 Q.
997 3968 1093 4025 Fabius
1110 3971 1240 4023 llaximus
1255 3968 1417 4025 Verrucosus
1433 3968 1463 4032 V,

307 4054 412 4107 fuerunt
434 4054 582 4119 1111110209,
608 4073 658 4125 quo
677 4057 816 4111 Tarentum
837 4061 971 4127 receptum
999 4061 1047 4113 est.
1080 4057 1135 4111 Nec
1162 4061 1249 4111 tamen
1269 4056 1312 4110 hic
1333 4073 1407 4111 emor
1426 4058 1463 4109 est

308 4137 483 4202 librariorum,
501 4138 547 4191 sed
563 4141 645 4208 ipsius
664 4141 800 4196 Ciceronis.
837 4143 886 4207 Qui
908 4160 966 4197 cum
984 4143 1013 4207 Q.
1032 4142 1152 4197 Fuluium
1171 4158 1204 4196 ex
1222 4142 1376 4208 consulatu,
1391 4157 1464 4213 quem

310 4224 413 4276 tortium
436 4224 573 4277 1111110212
596 4228 689 4293 gessit,
712 4234 800 4283 nosset
820 4224 958 4299 praecipue
979 4229 1008 4281 iu
1030 4227 1203 4298 expugnanda
1224 4226 1314 4298 Capua
1335 4230 1463 4281 samana

310 4320 382 4369 csse,
405 4308 517 4376 collegae
535 4309 590 4361 eius
607 4311 676 4380 App.
694 4313 794 4367 Claudii
816 4330 869 4367 nun
890 4314 1018 4379 meminit,
1041 4314 1087 4367 sed
1113 4313 1213 4368 celebre
1238 4331 1287 4382 par
1302 4314 1463 4369 Fuluiumet

309 4390 419 4444 Fabium
440 4398 654 4451 commemoravit.
695 4399 845 4469 Corrigendi
865 4402 945 4471 igitur
963 4402 1036 4455 locus
1058 4416 1111 4455 non
1133 4405 1186 4467 est,
1214 4403 1343 4457 notandus
1364 4405 1462 4457 nomn

310 4477 403 4531 summi
420 4477 469 4530 uiri
485 4478 512 4529 in
528 4495 555 4532 re
573 4481 738 4536 celeberrima
754 4473 831 4539 erroi.
841 4514 875 4524 —
893 4489 961 4540 cittii
976 4488 1078 4542 craciaco
1096 4489 1276 4557 excogitatum
1306 4490 1394 4544 Minus
1410 4489 1462 4542 sine

312 4563 389 4615 dubio
407 4563 455 4616 hoc
473 4566 513 4617 est
530 4582 606 4634 quam
624 4571 646 4622 si
664 4570 761 4624 diceret
777 4575 918 4642 cogitatum
934 4577 975 4640 (ac
996 4580 1057 4630 sunt
1077 4575 1181 4645 quidam
1199 4576 1270 4641 cod,
1292 4577 1338 4645 qui
1354 4578 1463 4631 habeant

311 4649 379 4705 aidi!
395 4651 496 4705 omnim
514 4655 727 4725 corcagiensi),
744 4658 875 4714 sedidem
892 4661 987 4716 verius.
1020 4660 1087 4715 Nam
1109 4660 1328 4733 quamgrande
1349 4660 1463 4715 homines
