3550 5492
874 595 1086 661 ..98-

400 758 481 841 Ergo
507 779 612 822 eorum
635 780 706 844 ager
734 760 903 844 excipitur,
933 761 985 844 qui
1015 759 1095 845 apud
1118 758 1246 823 Rullum
1273 759 1336 823 alia
1365 759 1491 824 ratione
1511 782 1559 825 va-

400 859 539 923 luerunt:
568 861 661 924 ceteri
689 861 754 945 agri
783 881 890 925 omnes
920 861 973 943 qui
995 862 1109 945 ubique
1132 867 1221 944 sunt,
1250 862 1317 926 sine
1344 861 1411 927 ullo
1436 862 1557 946 delectu,

400 962 468 1025 sine
491 962 596 1046 pepuli
620 964 752 1028 Romani
768 965 901 1044 notione,
925 963 992 1027 sine
1014 962 1128 1026 iudicio
1150 968 1275 1027 senatus
1287 962 1396 1027 Xviris
1419 963 1558 1029 addicen-

258 1076 346 1141 XXII,
356 1076 391 1130 58
400 1070 461 1127 tur.
500 1065 603 1148 Atque
626 1066 720 1129 ctiam
743 1072 791 1130 est
812 1067 874 1129 alia
896 1065 1052 1149 superiore
1074 1065 1182 1150 capite,
1206 1086 1265 1148 que
1287 1065 1394 1129 omnia
1417 1073 1557 1149 veneunt,

402 1172 586 1250 quaestuosa
601 1167 746 1253 exceptio,
771 1189 848 1252 quae
863 1174 947 1250 teget
969 1189 1019 1232 eos
1042 1191 1138 1253 egres,
1162 1169 1199 1232 dc
1221 1170 1332 1253 quibus
1347 1169 1475 1235 foedere
1494 1193 1556 1236 eau-

400 1277 469 1334 tum
492 1277 545 1334 est.
581 1273 713 1337 Audivit
734 1273 813 1336 hano
835 1293 901 1335 rcrn
923 1293 986 1336 non
1001 1294 1020 1336 a
1034 1293 1093 1353 me,
1116 1271 1170 1336 sed
1191 1273 1228 1335 ab
1250 1272 1319 1336 aliis
1341 1272 1462 1356 agitari
1476 1295 1556 1361 saepe

400 1374 434 1436 in
457 1380 577 1455 senatu,
601 1396 825 1460 nonnunquam
847 1398 885 1438 ex
907 1376 963 1439 hec
978 1376 1052 1458 loeo,
1076 1375 1229 1460 possidere
1251 1396 1339 1458 agros
1362 1377 1397 1441 in
1422 1399 1478 1442 ora
1498 1400 1554 1443 ma·

399 1476 503 1541 ritima
531 1499 633 1560 regem
662 1478 891 1562 Hiempsalem,
920 1499 995 1562 quos
1012 1480 1058 1541 ·P.
1087 1479 1252 1543 Africanus
1280 1479 1394 1564 populo
1424 1481 1553 1547 Romano
1590 1556 1592 1561 Ι

485 1658 573 1698 Rullum
586 1659 661 1706 aliquo
675 1660 766 1699 ratione.

402 1819 433 1871 de
451 1823 505 1872 tolo
524 1819 580 1872 loco
599 1835 625 1886 p.
643 1819 720 1871 Rosc.
739 1818 797 1870 Am.
815 1817 845 1883 8,
863 1818 1010 1871 93ourluru
1033 1818 1106 1870 eiicit
1122 1818 1195 1871 dente
1212 1825 1289 1885 atque
1301 1817 1373 1886 socie
1389 1820 1494 1888 patriis
1509 1820 1552 1873 dit·

399 1923 447 1973 que
464 1905 603 1975 penatibus
620 1905 794 1974 praecipitere
822 1933 855 1940 —
886 1903 1017 1967 eaturbct3
1040 1920 1066 1971 p.
1086 1903 1187 1968 Quinct.
1205 1903 1251 1967 26,
1275 1902 1308 1955 83
1331 1894 1371 1956 At
1391 1905 1437 1957 lu‘c
1458 1906 1551 1975 quiden

400 1992 453 2044 iura
471 1991 503 2043 rle
515 1990 601 2059 suado
619 1991 750 2060 expulsus,
767 1991 821 2042 iarn
839 2009 856 2042 u
873 1991 928 2042 ercis
940 1990 981 2043 dis
988 1988 1127 2058 penatibus
1135 2004 1264 2058 praeceps
1276 1989 1385 2054 eiectuo;
1403 2008 1430 2060 p.
1441 1990 1509 2047 Sest
1519 1990 1552 2055 13,

397 2076 432 2130 30
449 2076 630 2150 exterminabit
647 2078 716 2130 cives
733 2077 865 2130 Roracaos
888 2077 970 2130 edicto
993 2077 1083 2130 consul
1104 2095 1121 2145 u
1139 2077 1193 2129 esais
1216 2076 1256 2128 elic
1271 2075 1431 2145 perietibus?
1451 2076 1552 2146 capellel

398 2179 430 2217 ea
442 2163 549 2233 patrrc5
576 2163 607 2215 de
626 2163 701 2216 domo
719 2164 762 2228 40,
781 2163 833 2217 106
852 2162 1052 2230 uniuscuiusque
1070 2170 1183 2216 cestrum
1201 2162 1285 2225 sedes,
1304 2179 1378 2226 crac,
1394 2161 1482 2230 socos,
1499 2162 1551 2215 deor

394 2257 503 2321 penates
521 2249 646 2304 subiectos
664 2267 717 2304 ecce
736 2251 841 2304 libidini
858 2249 1021 2305 tribuniciae.
1034 2279 1068 2288 —
1079 2259 1176 2304 ceteros
1194 2280 1227 2287 -
1239 2250 1397 2319 perrarittere,
1416 2254 1447 2301 ut
1458 2246 1553 2318 publici

397 2337 553 2390 iudicentur.
580 2336 641 2388 Noli
659 2338 820 2390 attractionis
838 2353 919 2406 genus
937 2338 987 2390 hoc
1004 2353 1061 2390 esse
1073 2338 1229 2401 existimare,
1246 2336 1315 2404 quod
1331 2351 1389 2389 cum
1403 2334 1552 2388 Graecorum

400 2425 435 2477 sit
451 2423 592 2492 proprium,
610 2438 792 2492 nonnunquam
812 2423 879 2491 apud
898 2423 1161 2493 Latinesadmissum
1180 2425 1227 2487 est,
1245 2421 1320 2491 quale
1336 2419 1402 2473 illud
1420 2423 1462 2474 est
1480 2418 1553 2473 (laelii

398 2510 467 2579 apud
485 2508 537 2561 Cic.
556 2524 597 2577 ep.
616 2507 684 2573 VIII,
703 2509 744 2572 10,
762 2508 779 2560 3
797 2509 877 2561 Nocti
899 2508 1065 2572 Marcellum,
1089 2526 1166 2577 quoru
1187 2509 1277 2561 turdus
1301 2514 1326 2560 et
1344 2523 1442 2576 purum
1465 2505 1553 2574 efficat

397 2596 439 2648 sit.
476 2595 541 2649 Nam
559 2610 618 2648 raro
637 2595 677 2662 rel
695 2611 824 2663 nunquam
838 2594 927 2648 Cicero
945 2596 990 2649 illo
1003 2611 1094 2664 genere
1106 2597 1193 2649 utitur.
1220 2596 1276 2647 Hoc
1293 2593 1396 2662 quidem
1414 2593 1474 2646 loce
1493 2591 1553 2645 dixit

397 2684 493 2736 ceteros
511 2697 589 2750 apres
605 2679 697 2733 Xviric
710 2681 863 2749 permittere
880 2683 898 2734 i.
911 2698 933 2734 e.
953 2697 1042 2735 eorum
1060 2683 1194 2735 arbitrium
1210 2681 1300 2735 Xriris
1318 2679 1470 2744 concedere,
1488 2676 1552 2731 velot

396 2769 474 2837 paulo
491 2772 551 2836 post
568 2770 619 2819 cst:
648 2767 729 2820 ceteri
750 2767 812 2835 apri
834 2783 919 2828 martes
937 2796 970 2804 —
988 2767 1080 2821 Xciria
1104 2768 1283 2830 addicentur,·
1295 2765 1387 2818 deiude
1410 2761 1552 2835 explicandi

395 2855 469 2924 quasi
486 2869 564 2907 eausa
581 2862 612 2906 ct
623 2852 725 2923 publici
742 2854 890 2906 iudicentur
908 2855 1009 2908 adiecit.
1027 2882 1061 2893 -
1082 2855 1128 2922 qui
1147 2853 1268 2923 publicus
1290 2869 1343 2905 eote
1360 2838 1507 2919 fateatur(
1527 2848 1552 2903 In

394 2959 493 2997 summo
512 2942 628 2996 codicum
647 2945 774 2995 consensu
791 2941 969 3008 sententiaque
987 2942 1120 3009 aptissima
1137 2943 1207 3004 (nam
1224 2940 1318 3008 repetit
1335 2938 1405 3006 qued
1423 2940 1504 2991 antea
1520 2935 1551 2989 di·

393 3032 468 3082 xerat
484 3028 560 3082 lateri
577 3043 741 3097 possessores
761 3043 849 3098 agrum
873 3026 945 3080 illum
963 3043 1020 3081 esse
1037 3027 1179 3092 publicum,
1198 3029 1227 3079 ul
1244 3025 1313 3078 aliud
1329 3025 1438 3079 verbum
1461 3023 1551 3079 substi-

393 3119 465 3168 tuere
486 3131 538 3168 non
558 3115 651 3177 liceat)
675 3114 804 3166 tuebimur
826 3112 957 3181 deponens
981 3114 1065 3167 active
1088 3114 1204 3182 postium
1221 3105 1378 3181 verbumque
1400 3110 1504 3165 fatendi
1523 3109 1550 3162 iis

395 3200 561 3264 ascribemus,
579 3214 644 3267 quae
662 3200 741 3252 etiam
759 3198 828 3266 apud
839 3198 988 3252 Ciceronem
1005 3215 1187 3268 nonnunquam
1205 3199 1372 3252 communiter
1390 3202 1549 3269 usurpentur.

394 3285 469 3350 Quod
487 3290 572 3338 autem
590 3284 668 3352 paulo
686 3288 746 3352 post
761 3284 824 3337 dicit
846 3285 902 3337 alic
920 3286 1021 3338 ratione
1043 3287 1189 3350 caluerunt,
1207 3287 1256 3341 ie.
1276 3285 1326 3338 alia
1344 3287 1420 3352 atque
1438 3299 1478 3348 ea,
1492 3295 1549 3352 quae

394 3387 426 3424 ex
444 3371 594 3424 condicione
612 3371 668 3438 agri
686 3371 795 3438 petitur,
819 3371 931 3440 intelligi
951 3372 1019 3436 vult,
1043 3372 1156 3425 valuisse
1177 3385 1341 3440 possessores
1364 3369 1433 3438 quod
1450 3369 1549 3423 Rullum

392 3458 512 3526 pecunia,
528 3457 676 3534 corruptum
690 3471 747 3509 esse
765 3471 830 3510 eum.
855 3456 933 3510 Teate
950 3457 1173 3528 igitursignificat,
1193 3474 1243 3511 non
1257 3460 1344 3526 aperte
1362 3456 1433 3510 dicit.
1457 3454 1548 3509 Madvi-

394 3545 500 3612 gianum
524 3544 607 3592 autem
630 3542 696 3595 illud
719 3542 810 3612 aliqua
832 3545 947 3608 ratione,
972 3545 1042 3614 quod¹
1061 3545 1181 3598 Baiterus
1203 3546 1325 3613 recepil,·
1340 3558 1433 3612 parum
1460 3543 1548 3611 placet,

395 3628 463 3697 quod
482 3629 504 3680 si
522 3631 563 3681 est
579 3629 597 3680 i.
609 3645 632 3698 q.
652 3630 708 3682 aliu
726 3631 948 3699 reliquorumita,
972 3632 1063 3685 inutile
1080 3631 1183 3685 videtur
1200 3647 1271 3696 esse,
1296 3632 1335 3683 siu
1353 3632 1370 3683 i·
1390 3646 1415 3698 q.
1433 3630 1548 3699 quapiam

393 3715 501 3779 ratione,
518 3715 567 3768 hoc
584 3717 706 3783 continet,
724 3718 798 3786 quasi
815 3719 843 3770 in
860 3717 1011 3771 condicione
1030 3719 1086 3788 agri
1102 3719 1174 3770 nulla
1191 3719 1256 3770 ratio
1274 3716 1420 3784 excipiendi
1438 3716 1511 3769 insit

479 3802 521 3856 58.
539 3804 672 3873 superiore
691 3804 785 3873 cupite,
803 3805 924 3857 nimirum
942 3820 981 3869 eo,
1000 3820 1050 3873 quo
1074 3804 1212 3873 vectigalia
1234 3803 1323 3872 pepuli
1342 3802 1452 3855 Romani
1475 3799 1548 3855 nomi-

393 3891 474 3943 natim
490 3894 603 3944 veneunt
620 3891 644 3955 (ξ
656 3891 709 3955 48).
738 3890 769 3942 In
786 3889 872 3943 tuturo
892 3894 978 3943 autem
996 3897 1070 3959 tepet,
1088 3889 1156 3959 quod
1168 3890 1290 3958 sequItur,
1307 3889 1357 3941 hoc
1370 3888 1447 3952 inest,
1461 3899 1548 3961 usuros

392 3977 489 4031 Xuiros
515 3979 564 4030 hac
581 3978 741 4045 exceptione,
762 3980 791 4027 ut
814 3979 935 4045 tegaulru
955 3977 993 4029 illi
1011 3976 1167 4044 Hiempsalis
1185 3975 1248 4044 agri,
1270 3989 1330 4028 uere
1348 3988 1392 4027 eos
1416 3988 1469 4026 non
1492 3971 1548 4039 tegi.

393 4064 506 4118 Facilius
524 4066 602 4132 igitur
620 4065 669 4117 hec
686 4064 800 4117 futurum
819 4065 873 4116 lero
891 4080 967 4133 quum
986 4064 1054 4134 quod
1073 4079 1151 4132 supra
1175 4067 1215 4116 est
1232 4063 1399 4124 orlrliceotur,
1417 4064 1548 4113 tamenne

393 4151 457 4204 illud
474 4152 576 4220 quidem
594 4149 744 4203 condemno.
763 4179 797 4188 -
815 4150 847 4203 ab
865 4151 935 4203 ollis.
978 4151 1026 4215 Qui
1043 4151 1138 4202 fuerint
1154 4150 1181 4201 hi
1205 4149 1346 4211 nescimus,
1369 4145 1415 4199 scd
1438 4146 1549 4214 suspica·

391 4254 449 4291 mur
467 4239 547 4290 luisse
566 4235 593 4288 G.
614 4235 749 4289 Caesarem
771 4239 876 4306 eiusque
894 4238 1000 4291 amicos.
1035 4237 1100 4289 Eum
1118 4240 1187 4288 certe
1205 4238 1307 4288 constat
1323 4233 1456 4286 inimicum
1474 4232 1556 4288 fuisse.

392 4323 538 4391 Hiempsali,
553 4338 584 4375 ac
601 4339 658 4375 cum
675 4323 746 4389 Iuba,
764 4327 832 4393 regis
845 4324 908 4388 filio,
923 4308 1136 4376 etiam'iniurieso
1149 4321 1312 4376 contendisse
1322 4318 1404 4384 (Suet.
1417 4317 1492 4371 (lues,
1502 4318 1550 4380 tl),

392 4426 439 4463 nec
461 4411 516 4462 sinc
539 4409 593 4460 cius
617 4411 768 4464 auctoritate
791 4411 893 4464 ridetur
914 4409 1010 4463 iactum
1036 4424 1106 4473 esse,
1124 4412 1153 4461 ut
1172 4407 1198 4462 C.
1218 4407 1294 4460 Curio
1319 4407 1346 4458 in
1363 4404 1498 4457 tribunatu
1522 4401 1550 4453 dc

393 4512 471 4565 regno
490 4495 567 4548 lubae
585 4497 840 4565 publicandolegem
859 4497 938 4549 ferret
956 4494 1014 4561 (Die
1034 4494 1106 4548 Cass.
1116 4494 1185 4558 XLI,
1195 4495 1247 4558 ll).
1266 4521 1299 4530 -
1317 4507 1402 4560 repcru
1416 4489 1550 4559 iiie-rapsa-

393 4583 449 4636 lern.
485 4582 510 4634 ls
528 4586 589 4637 tuoe
607 4586 712 4638 tenebat
729 4584 875 4638 Numidiam
894 4583 940 4636 Gn.
959 4582 1074 4650 Pompeii
1093 4581 1205 4645 amicus,
1224 4597 1238 4631 a
1256 4596 1306 4649 quo
1325 4595 1382 4632 cum
1401 4595 1416 4629 a
1434 4574 1551 4629 Numidis

393 4669 614 4740 Marianarumque
631 4672 743 4741 partium
759 4670 870 4725 ,ducibus
888 4669 1012 4739 expulsus
1024 4671 1101 4735 etseq
1117 4669 1144 4720 iu
1156 4682 1263 4736 regnum
1281 4666 1416 4725 resfitutus
1427 4666 1477 4719 est.
1502 4662 1550 4717 lta·
