3550 5492
771 586 1078 660 -135-.

302 748 463 835 Philippo,
486 747 649 831 Antiocho,
672 748 773 831 Perse,
789 750 1059 838 Pseudophilippo,
1081 751 1264 837 Aristonico,
1286 753 1466 820 Mithridate

301 856 334 918 st
356 851 481 918 ostede:
513 851 614 917 multa
634 857 793 938 praeterea
813 851 894 918 bella
916 854 1038 937 gravia,
1062 852 1334 938 Carthaginiense,
1357 856 1465 922 Corin·

300 956 416 1040 thium,
438 955 680 1021 Numantinum:
707 955 825 1021 multae
850 957 885 1020 in
907 956 965 1022 hac
985 956 1144 1043 republica
1171 957 1337 1025 seditiones
1360 958 1464 1025 dome·

298 1060 408 1144 eticae,
431 1080 508 1145 quas
528 1060 754 1146 praetermitto:
776 1060 858 1125 bella
883 1082 956 1126 eum
977 1060 1078 1144 sociis,
1100 1059 1331 1144 Fregellanum,
1353 1061 1465 1128 Marsi·

300 1178 394 1231 tum:
422 1164 535 1250 quibus
557 1164 701 1231 omnibus
731 1165 907 1230 domesticis
935 1164 1130 1249 externisque
1157 1163 1247 1229 bellis
1269 1165 1375 1249 Capua
1401 1186 1464 1231 non

298 1266 392 1335 modo
413 1289 477 1335 non
506 1269 618 1353 obfuit,
647 1270 701 1335 sed
723 1270 1016 1356 oppormnissimam
1044 1290 1078 1334 se
1098 1269 1187 1335 nobis
1208 1267 1351 1355 praebuit
1371 1275 1402 1333 et
1423 1269 1463 1334 ad

298 1370 419 1436 bellum
441 1372 609 1456 gerendum
636 1378 668 1438 et
688 1372 728 1436 ad
750 1372 901 1437 exercitus
923 1372 1087 1438 armandos
1115 1378 1147 1436 et
1169 1371 1258 1437 tectis
1280 1371 1316 1436 ac'
1338 1371 1463 1438 sedibus

299 1472 369 1540 suis
391 1473 592 1561 recipiendos.
634 1474 785 1540 Homines
807 1494 870 1539 non
892 1474 1015 1539 inerunt
1036 1474 1071 1538 in
1092 1474 1177 1555 urbe,
1199 1472 1254 1558 qui
1275 1470 1368 1537 malis
1390 1492 1503 1547 con-91

300 1576 450 1659 tionibus,
472 1575 661 1641 turbulentis
689 1581 815 1641 senatus
838 1574 1003 1657 consultis,
1025 1574 1144 1660 iniquis
1171 1574 1310 1661 imperiis
1336 1596 1461 1661 rempu-

299 1678 414 1744 blicam
435 1677 602 1743 miscerent
624 1683 655 1741 et
677 1698 781 1741 rernm
795 1697 946 1742 novarum
959 1698 1087 1742 causam
1109 1677 1247 1761 aliquam
1263 1683 1460 1761 quaererent;

299 1800 401 1864 neque
430 1778 514 1842 enim
547 1778 746 1843 contionandi
777 1783 912 1864 potestas
945 1784 1011 1845 orat
1039 1779 1184 1864 cuiquam
1211 1799 1311 1864 neque
1339 1778 1461 1843 consilii
1493 1862 1497 1873 Ι

301 1882 448 1969 capiundi
467 1881 594 1967 publici.
638 1881 707 1947 Non
729 1880 843 1965 gloriae
865 1882 1036 1968 cupiditate
1058 1883 1277 1966 efferebantur,
1300 1886 1461 1969 propteroa

383 2080 459 2121 Persa.
471 2097 497 2111 -·
510 2080 587 2120 bellam
600 2081 754 2120 termam
772 2099 792 2110 -
805 2081 912 2122 exercitas
926 2081 1042 2120 ornandos.
1056 2098 1081 2109 -
1094 2080 1126 2120 91.
1140 2081 1240 2130 cuiquam
1252 2090 1291 2121 aec
1304 2082 1395 2122 consilii.

299 2242 410 2313 (lapuae,
428 2243 472 2296 vix
489 2242 540 2298 dici
556 2246 651 2312 potest,
663 2244 709 2298 sed
721 2243 791 2313 qnod
802 2245 963 2311 excogitatur
980 2244 1096 2313 quamvis
1111 2244 1209 2299 nullum
1223 2245 1341 2299 effectum
1356 2246 1461 2312 habeat,

297 2331 414 2399 proditur
429 2333 517 2383 umen
541 2346 570 2383 ac
593 2332 765 2398 cognoscitur.
791 2359 825 2368 -
850 2329 916 2383 belia
937 2346 995 2381 cum
1015 2327 1126 2397 sepibus.
1161 2330 1242 2383 Recte
1259 2330 1342 2383 codex
1361 2330 1424 2400 lag.
1442 2332 1459 2384 9

298 2416 401 2481 omittit,
419 2416 489 2485 quod
506 2414 598 2483 reliqui
613 2416 730 2467 inserunt
747 2414 813 2468 bello
829 2421 904 2481 qesta
921 2430 979 2467 cum
996 2412 1108 2482 sepibus,
1126 2415 1218 2483 inquo
1235 2431 1287 2469 non
1304 2416 1390 2479 minus
1402 2432 1459 2470 ver-

295 2501 354 2555 bum
373 2502 530 2571 cogitatione
547 2500 690 2568 suppletur.
723 2498 768 2553 Sic
786 2499 878 2552 deinde
895 2500 978 2553 nauita
990 2507 1132 2568 praeterea
1149 2499 1216 2552 heila
1232 2501 1336 2569 procia,
1361 2502 1458 2556 caudae

296 2612 328 2627 ·-
344 2587 496 2651 seditiones,
519 2585 586 2639 belia
609 2585 770 2648 cuaaaociis,
792 2586 933 2654 inquibus
957 2586 1075 2639 omnibus
1098 2584 1215 2655 intellige
1232 2586 1353 2654 suenni.
1388 2588 1455 2641 Turn

295 2688 384 2741 rogum
403 2672 472 2723 bella
489 2686 522 2723 ex
539 2671 662 2738 temporie
680 2670 769 2723 ordine
787 2675 931 2736 enumerat;
950 2687 1011 2723 nam
1028 2671 1148 2724 Andrisci
1165 2673 1221 2725 sivo
1239 2672 1455 2743 Pseudophilippi

296 2759 321 2813 in
338 2756 491 2811 Macedonia
508 2756 559 2808 fnit
577 2770 644 2808 anno
665 2756 723 2819 149,
740 2756 881 2810 Aristonici
899 2757 927 2809 in
943 2770 1024 2826 regno
1042 2756 1200 2825 Pergameno
1219 2773 1286 2810 anno
1301 2756 1350 2811 132
1362 2776 1386 2812 a.
1396 2758 1457 2813 (ihr.

295 2842 390 2899 Ultimo
407 2843 465 2896 looo
482 2844 664 2895 commemorat
681 2841 863 2894 Mithridatem
885 2849 911 2895 et
928 2849 1024 2894 ceteros
1042 2842 1112 2906 (nam
1129 2841 1194 2894 haec
1215 2843 1254 2894 ita
1274 2842 1457 2910 comengenda

296 2942 349 2983 asse
366 2930 425 2997 ipsa
441 2927 568 2997 particula
585 2926 688 2980 adiecta
703 2927 820 2991 indicat),
839 2942 898 2980 cum
916 2927 981 2980 alios
1000 2925 1104 2995 regulos
1120 2927 1276 2995 intelligens,
1293 2930 1350 2978 turn
1366 2926 1457 2994 Tigra-

296 3021 360 3079 nem,
378 3014 515 3067 Armeniae
532 3017 558 3066 et
575 3012 667 3081 Syriae
678 3027 774 3080 regern.
802 3012 959 3079 Scripsimns
978 3015 1065 3065 autem
1076 3010 1218 3067 ablativum
1226 3011 1308 3065 Perae
1324 3027 1358 3064 ex
1376 3011 1455 3070 codtl

296 3101 454 3163 aucwdtate,
470 3097 619 3167 postulante
636 3112 686 3150 usu
702 3096 831 3150 Tulliano.
861 3095 928 3149 Nam
946 3096 1121 3150 nominativus
1140 3099 1181 3149 est
1198 3095 1292 3150 Perses
1300 3097 1338 3161 (in
1348 3096 1404 3151 Ost
1410 3097 1455 3162 IV,

296 3184 338 3251 10,
354 3185 412 3249 21),
435 3184 563 3253 genitivus
581 3182 680 3236 Persae
697 3185 787 3251 (supra
803 3185 818 3249 ξ
836 3181 894 3247 50),
918 3183 1020 3236 dativus
1037 3182 1136 3237 Persae
1154 3183 1241 3248 (Taso.
1260 3182 1299 3248 V,
1317 3183 1365 3248 40,
1385 3183 1454 3250 118),

295 3284 346 3326 ano.
364 3269 464 3324 Persea
480 3271 518 3336 (in
534 3270 608 3322 Verr.
624 3269 645 3334 I,
664 3270 706 3334 2l,
723 3269 771 3333 55;
788 3284 814 3337 p.
832 3269 883 3338 leg.
902 3269 970 3323 llan.
990 3269 1031 3334 18,
1049 3269 1094 3334 55;
1118 3270 1150 3323 de
1167 3273 1223 3324 nat.
1241 3269 1311 3322 deor.
1328 3268 1362 3334 11,
1380 3269 1404 3334 2,
1423 3269 1454 3333 6;

294 3355 323 3411 de
339 3355 385 3409 iim
403 3355 441 3421 V,
459 3355 505 3420 24,
524 3356 580 3420 70),
603 3355 653 3407 abl.
671 3354 752 3408 Perse
769 3355 857 3418 (Tusa.
873 3354 924 3419 lll,
942 3355 990 3419 22,
1006 3354 1052 3420 53)
1069 3371 1151 3425 neque
1173 3356 1227 3409 ulla
1247 3357 1276 3408 in
1297 3356 1339 3408 his
1363 3355 1453 3409 formis

292 3442 420 3510 reperitur
436 3440 558 3493 vadens.
581 3466 615 3476 -
638 3437 860 3506 Gardoqiarease.
896 3439 952 3492 Hoc
974 3440 1036 3493 olim
1057 3440 1089 3492 de
1116 3442 1264 3495 coniectura
1281 3440 1418 3504 edebatur,
1436 3458 1453 3493 a

292 3527 366 3581 nubis
383 3541 417 3578 ex
438 3526 536 3593 optimo
560 3524 798 3578 codice'scribitur.
833 3525 902 3579 Nam
918 3526 1039 3595 vulgares
1062 3542 1151 3581 omnes
1174 3528 1296 3581 exhibent
1315 3524 1453 3595 Ocrtdopi·

292 3612 420 3666 stanuum
441 3611 482 3664 vel
504 3611 635 3674 similiter,
657 3611 725 3663 unde
747 3611 915 3664 henredanus
938 3610 1067 3665 efficiebat
1091 3609 1305 3680 Carthaginiense
1322 3610 1373 3662 III
1394 3612 1412 3663 i.
1429 3625 1454 3662 e.

293 3697 404 3760 adon,
420 3712 511 3764 parum
527 3697 704 3765 probabiliter.
733 3697 800 3751 Nam
818 3696 1029 3766 Carthaginiense
1046 3697 1192 3766 appellatur
1210 3696 1316 3759 bellum,
1333 3694 1403 3764 quod
1421 3694 1453 3746 de

291 3782 348 3851 ipsa
364 3781 430 3835 urbo
448 3781 601 3852 Carthagine
618 3785 720 3851 gestum
737 3787 790 3846 est,
812 3783 885 3834 cuius
907 3782 1010 3849 generis
1033 3796 1112 3832 unum
1132 3780 1236 3833 omnino
1253 3780 1309 3831 tuit.
1355 3779 1454 3833 Punica
1551 3843 1555 3849 Ι

291 3869 394 3937 qnidam
411 3872 479 3923 recte
496 3871 607 3937 possunt
622 3870 673 3922 tria
691 3869 810 3921 dlscerni.
829 3896 863 3906 —
886 3867 1024 3920 seditiones
1043 3867 1206 3920 domesticae.
1241 3867 1350 3920 Poterat
1367 3869 1451 3920 autem

291 3957 423 4009 sominare
444 3956 585 4009 lladanam
608 3956 668 4008 anni
690 3953 738 4018 88,
760 3953 927 4007 Octavianam
951 3953 1012 4005 anni
1035 3951 1082 4016 87,
1109 3952 1241 4005 Sullanam
1266 3953 1326 4005 anni
1349 3950 1396 4016 83,
1416 3952 1451 4005 ll.

290 4039 383 4110 lepidi
399 4042 460 4094 anni
478 4041 525 4106 78,
547 4056 611 4110 quas
628 4055 661 4093 ne
683 4041 796 4094 civilium
815 4040 1002 4093 discordiarum
1023 4040 1172 4093 memoriam
1197 4041 1314 4103 renovet,
1338 4043 1451 4106 praeter

291 4128 375 4182 sitne
411 4127 476 4180 (lum
502 4128 580 4182 sociis
607 4127 710 4195 quidem
734 4127 784 4180 duo
811 4129 913 4180 tantum
938 4126 1042 4179 inerunt
1064 4125 1146 4189 bella,
1168 4125 1359 4193 Fregellanum,
1381 4121 1450 4192 qnod

291 4229 357 4269 anno
377 4213 428 4266 125
445 4213 475 4268 h.
492 4213 609 4281 Opimius
625 4216 729 4279 praetor
745 4213 869 4281 Fregellis
887 4212 972 4279 captis
990 4212 1134 4280 oppressit,
1152 4215 1179 4264 et
1194 4211 1285 4280 ingens
1301 4210 1367 4264 illud
1383 4211 1450 4263 llar-

291 4299 372 4353 ricum
390 4314 457 4351 anno
467 4300 509 4352 91.
535 4297 616 4350 Paulo
633 4301 695 4365 post
706 4301 734 4351 ut
752 4299 789 4351 ad
805 4297 898 4351 bellum
913 4298 1054 4365 perandum
1070 4300 1098 4350 et
1115 4297 1152 4349 od
1168 4296 1449 4350 excaecatumque

291 4384 439 4450 adersmm,
460 4385 612 4441 auctoritate
629 4385 721 4452 optimi
745 4384 841 4437 codicis
864 4384 930 4436 moti
952 4399 1055 4445 sumus3
1072 4398 1131 4437 nam
1149 4383 1217 4453 quod
1238 4382 1330 4450 reliqui
1353 4383 1450 4435 habent

292 4472 326 4525 sd
341 4471 435 4526 &Ham
451 4471 629 4525 instruendum
646 4470 689 4534 (ci.
706 4485 786 4538 supra
803 4472 818 4535 ξ
836 4469 880 4534 77)
897 4477 924 4523 et
941 4470 979 4523 cd
994 4470 1123 4523 accercitus
1147 4469 1277 4523 mandor
1294 4484 1347 4521 non
1363 4469 1447 4520 minus

292 4555 388 4612 bonum
404 4561 453 4612 est.

375 4662 418 4716 91.
436 4661 499 4715 Noa
513 4662 615 4732 ebriae
631 4661 774 4732 cupiditate
797 4688 831 4701 -
853 4677 907 4716 esse
924 4677 977 4714 oca
991 4667 1084 4731 potest.
1117 4658 1244 4713 Adhaesit
1265 4656 1328 4712 huic
1344 4656 1447 4711 senten
