3550 5492
772 598 1007 661 —111-

309 759 446 823 nimium
473 758 508 822 in
535 756 692 843 republica
719 779 825 842 posse:
855 759 1097 824 exhauriendam
1119 782 1202 841 csse;
1224 763 1281 827 hoc
1309 763 1393 828 cuim
1423 772 1470 830 est

311 883 399 943 usus,
423 861 511 946 quasi
534 860 573 925 de
594 861 699 944 aliqua
727 861 849 928 sentina
870 882 907 925 ac
929 883 991 925 non
1014 862 1052 926 de
1073 863 1257 947 optimorum
1280 866 1395 930 civium
1417 888 1468 949 ge-

307 985 384 1029 nere
406 964 590 1048 loqueretur.
636 963 697 1027 Vos
719 985 801 1045 vero,
817 963 961 1044 Quirites,
984 963 1011 1026 si
1025 984 1076 1026 me
1090 963 1197 1027 audire
1211 965 1316 1046 vultis,
1339 967 1600 1036 retinentum

307 1066 406 1131 istam
434 1065 657 1150 possessionem
685 1064 817 1148 gratiae,
845 1064 1011 1146 libertatis,
1040 1066 1270 1148 suffragiorum,
1298 1067 1467 1151 dignitatis,

305 1170 406 1252 urbis,
429 1170 497 1252 fori,
519 1169 673 1251 ludorum,
695 1170 844 1234 festorum
865 1167 1002 1247 dierum,
1029 1173 1199 1233 ceterorum
1225 1169 1364 1234 omnium
1385 1192 1468 1236 com-

305 1272 485 1346 modorum:
515 1271 579 1336 nisi
600 1272 677 1336 forte
698 1271 846 1353 mavultis
869 1271 984 1335 relictis
1006 1271 1055 1336 his
1077 1272 1168 1336 rebus
1196 1277 1288 1356 atque
1316 1273 1374 1338 hac
1399 1274 1468 1339 luce

305 1376 497 1461 reipublicae
518 1375 553 1439 in
574 1375 738 1460 Sipontina
759 1375 897 1440 siccitate
918 1374 1028 1438 autin
1051 1373 1250 1458 Salpinorum
1273 1375 1468 1460 pestilentiae

304 1479 425 1544 finibus
446 1478 538 1544 Rullo
552 1477 628 1542 duce
650 1477 801 1543 collocari.
843 1480 887 1544 At
908 1479 1000 1560 dicet,
1023 1498 1099 1562 quos
1121 1499 1208 1561 agros
1231 1484 1389 1564 empturus
1411 1481 1467 1560 sit,

396 1668 436 1707 aaa
449 1668 504 1706 caim
517 1667 580 1707 uerbo
593 1670 632 1707 ert.

305 1822 356 1876 boc
377 1823 444 1876 caim
462 1828 501 1876 eet
516 1838 579 1875 usuc
590 1822 607 1874 i.
617 1837 639 1886 e.
657 1821 706 1873 hoc
723 1820 796 1875 dixit.
822 1820 940 1874 Editores
958 1820 1059 1890 quidem
1077 1837 1166 1877 omnes
1183 1824 1216 1876 ab
1229 1823 1358 1892 Hervagio
1377 1826 1466 1877 contra

305 1909 425 1963 codicum
440 1923 594 1963 consensum
613 1907 771 1974 scripserunt
788 1906 835 1958 lac
853 1907 921 1959 enirn
937 1907 1014 1960 verbe
1032 1915 1070 1960 eet
1086 1925 1162 1971 urus,
1185 1910 1259 1977 quasi
1276 1925 1353 1960 uuum
1371 1907 1466 1960 exhau-

305 1994 391 2048 riendi
408 1993 522 2056 verbum,
540 2005 590 2060 quo
609 1990 699 2044 Rullus
717 2006 779 2044 usus
797 1991 840 2054 sit,
857 1990 1025 2060 vituperetur.
1053 1991 1105 2044 Sed
1122 1993 1283 2061 vituperatur
1300 1993 1378 2045 etiarn
1397 1994 1465 2061 quod

310 2079 441 2133 antecedit
458 2079 558 2146 plebem
577 2078 699 2130 urbanam
718 2078 825 2130 nimium
841 2078 868 2129 in
881 2093 940 2146 rep.
958 2093 1048 2147 posse3
1066 2088 1149 2147 neque
1170 2079 1238 2131 eninr
1255 2079 1341 2131 subito
1359 2078 1402 2130 ille
1420 2080 1466 2131 mi-

308 2165 438 2219 nuendam
455 2179 512 2218 esse
529 2165 629 2234 plebem
649 2164 762 2228 dixerat,
780 2163 826 2217 sed
844 2179 902 2217 cum
918 2166 1000 2216 malta
1021 2164 1052 2216 de
1070 2181 1100 2218 eo
1123 2180 1216 2234 genere
1238 2165 1413 2232 exposuisset,
1429 2165 1466 2217 ita

308 2254 452 2306 orationem
479 2251 613 2304 conclusit.
656 2251 694 2303 De
721 2251 848 2304 sententia
871 2254 956 2304 autem
983 2251 1147 2304 manifestum
1165 2254 1206 2304 est
1222 2250 1247 2303 h.
1265 2251 1291 2315 1.,
1309 2252 1466 2319 quantopere

309 2336 399 2391 Gicero
417 2352 463 2406 per
479 2338 561 2388 totam
578 2335 805 2402 hancarationem
828 2336 939 2403 tempori
959 2335 1077 2388 servierit
1100 2341 1176 2404 atque
1199 2351 1278 2388 uuum
1294 2334 1359 2388 illud
1377 2334 1466 2403 egerit,

307 2427 336 2477 ut
352 2423 445 2491 quavis
467 2422 566 2475 mtiane
584 2420 719 2473 Serviliam
742 2421 826 2488 legem
848 2421 977 2475 deiiceret
1020 2421 1087 2474 Nain
1110 2436 1167 2475 cum
1190 2421 1233 2475 hic
1257 2422 1378 2474 acerrime
1401 2420 1467 2473 illud

309 2507 411 2563 Servilii
437 2507 469 2560 de
495 2507 570 2576 plebe
602 2505 702 2559 urbana
730 2506 905 2560 exhaurienda
929 2507 1081 2571 insectetur,
1108 2508 1163 2575 ipse
1191 2508 1301 2561 triennio
1322 2504 1383 2577 plst
1408 2504 1466 2560 curn

309 2593 351 2648 Gn.
364 2593 483 2662 Pompeii
504 2608 583 2645 causa
599 2592 682 2660 legem
694 2591 810 2644 Flauiam
828 2593 956 2660 agrariam
972 2593 999 2644 in
1014 2595 1106 2645 senatu
1123 2592 1250 2657 suaderet,
1268 2593 1306 2647 sic
1323 2602 1357 2645 se
1369 2592 1466 2645 dixisse

308 2680 439 2749 gloriatur,
457 2677 490 2730 ad
499 2677 554 2731 Art.
570 2678 590 2742 I,
601 2678 681 2742 19‚4:
695 2677 794 2747 populo
807 2685 893 2732 autem
911 2685 936 2730 ct
953 2677 1075 2747 Pompeio
1094 2678 1163 2743 (uara
1180 2678 1211 2731 id
1227 2694 1325 2746 quoque
1341 2676 1464 2744 uolebam)

309 2766 370 2818 eoas
382 2762 518 2833 faciebam
534 2764 667 2832 eruptione,
686 2781 738 2830 qua
755 2763 895 2815 corrctltuta
912 2763 1050 2832 dr'lipenter
1063 2770 1087 2816 et
1105 2763 1232 2816 secanam
1242 2762 1314 2815 urb-ic
1331 2762 1468 2816 exhauriri

308 2858 331 2904 ct
345 2850 447 2904 Italiae
464 2849 627 2901 solitudinem
638 2848 807 2917 frequentari
824 2866 902 2918 poree
925 2847 1082 2902 arbitrabar.
1118 2849 1211 2902 lisdem
1228 2849 1306 2917 igitur
1323 2849 1467 2912 sententiis

307 2935 397 2990 iisdem
416 2935 479 2988 adeo
497 2935 583 2987 verbis
600 2937 662 2987 tuuc
680 2950 742 2988 usus
760 2939 809 2998 est,
826 2951 892 3002 quae
909 2935 950 2987 bic
968 2935 995 2987 in
1013 2933 1121 2988 Servilio
1140 2935 1297 2988 criminatur.

375 3039 418 3091 71.
435 3038 553 3106 pratiae,
572 3055 648 3105 quam
672 3041 797 3107 quaerunt
815 3038 970 3091 blandiendo
991 3042 1018 3092 et
1034 3039 1166 3106 largiendo
1184 3038 1308 3093 honorum
1328 3037 1465 3098 candidati,

306 3124 443 3187 libertatia
460 3140 525 3192 quae
543 3125 625 3176 maior
642 3128 682 3176 est
699 3125 796 3177 Romae
814 3140 889 3193 quam
907 3125 935 3176 in
953 3124 1052 3193 reliqua
1068 3124 1158 3188 Italia,
1181 3126 1241 3192 quia
1264 3125 1301 3177 ibi
1322 3126 1349 3176 et
1369 3123 1466 3176 tribuni

304 3211 390 3278 plebis
407 3212 469 3262 suut
485 3223 532 3261 nec
550 3208 630 3261 ullum
648 3209 758 3261 militare
782 3210 929 3278 imperium.
964 3209 1035 3261 Haec
1051 3212 1079 3262 et
1095 3209 1206 3277 reliqua,
1229 3225 1294 3276 quae
1312 3222 1465 3262 commemo·

305 3300 406 3360 rantur,
424 3311 482 3349 curn
494 3296 591 3348 Romae
609 3296 669 3358 sint,
686 3311 718 3346 ea
735 3295 813 3363 paulo
830 3299 890 3364 post
908 3295 953 3346 lua
970 3293 1127 3363 republicae
1145 3295 1239 3348 dicitur
1257 3294 1408 3348 adeundam
1425 3310 1465 3347 ra·

305 3383 412 3446 tionem,
432 3382 526 3451 quain
544 3381 688 3445 eat.1v,6‚
699 3381 729 3433 ll
749 3397 805 3432 earn
824 3382 905 3434 luceru
923 3381 991 3434 orbis
1009 3389 1139 3434 terraram
1156 3389 1232 3449 atque
1250 3397 1336 3434 urcem
1354 3379 1466 3433 maium

305 3458 423 3536 'partium
446 3467 567 3536 appellat.
590 3495 623 3503 —
647 3465 788 3534 Sipontina
810 3467 934 3520 accitare.
974 3467 1109 3535 Sipontum
1132 3468 1333 3520 vetustissimum
1356 3465 1466 3534 Apuliae

306 3553 430 3625 oppidum
454 3556 495 3606 est
516 3552 549 3604 ad
570 3542 687 3605 montem
705 3549 867 3619 Garganum,
890 3552 991 3605 colonia
1016 3552 1110 3604 civium
1134 3552 1306 3605 Romanorum
1330 3565 1397 3602 anno
1417 3550 1466 3602 194

307 3639 428 3703 deducta,
446 3637 542 3706 Salpia
565 3641 619 3690 sire
637 3636 752 3705 Salapia
776 3651 827 3689 non
850 3637 941 3705 procul
959 3654 975 3689 a
992 3637 1101 3705 Siponto
1118 3636 1152 3689 ad
1168 3636 1299 3689 meridiem
1317 3637 1379 3699 sita,
1401 3651 1465 3703 quae

308 3740 363 3779 cnm
381 3725 416 3777 ad
433 3724 553 3792 paludem
571 3725 622 3776 sita
634 3727 703 3775 esset
720 3738 750 3774 ac
762 3722 911 3791 pestilentia
927 3723 1101 3788 infestaretur,
1120 3723 1180 3775 abl.
1192 3722 1302 3775 Hostilio
1317 3721 1465 3788 petentibus

308 3810 397 3864 incolis
414 3811 443 3862 in
460 3809 627 3863 salubriorem
651 3809 737 3862 locum
759 3809 885 3861 translata
908 3812 948 3861 est
965 3809 1075 3872 (Vitrur.
1094 3810 1114 3874 l,
1132 3810 1174 3874 4):
1197 3822 1274 3876 quare
1292 3806 1380 3859 Cicero
1396 3807 1465 3872 fiaes

311 3895 480 3966 Salpinorum
495 3895 659 3964 pestilentiae
676 3894 777 3947 videtur
794 3893 877 3946 dicere
895 3894 912 3948 i.
922 3909 943 3947 a.
962 3910 1018 3947 eam
1035 3900 1134 3963 partem
1147 3894 1246 3962 Salpini
1258 3893 1322 3962 agri,
1334 3892 1377 3959 qui
1388 3891 1473 3959 pestif.

312 3981 387 4034 lentia
406 3983 472 4035 aeris
490 3982 599 4034 laborat.
635 3980 708 4044 Quod
726 3983 810 4033 autern
824 3977 950 4048 Salpiaoe
968 3981 1115 4049 appellauit,
1133 3981 1222 4034 eadem
1239 3979 1322 4032 forma
1340 3977 1466 4045 reperitur

310 4066 333 4120 in
351 4069 476 4132 nummis,
495 4068 565 4136 apud
582 4068 651 4136 App.
669 4068 728 4120 bell.
747 4068 797 4121 cir.
815 4065 834 4130 l,
853 4066 895 4129 52,
913 4069 1020 4133 gramm
1044 4071 1122 4121 veter.
1140 4085 1165 4136 p.
1184 4067 1235 4119 210
1253 4065 1293 4117 ed.
1311 4063 1413 4116 Lachm.
1432 4088 1465 4099 -

310 4160 335 4205 at
350 4154 431 4206 dicat.
470 4152 604 4207 Turnebus
626 4153 771 4206 emendarit
791 4160 838 4205 aut
855 4152 930 4204 dicat
944 4153 961 4203 i.
977 4168 998 4204 e.
1016 4155 1069 4216 aut,
1088 4155 1110 4205 si
1127 4154 1237 4221 relinqui
1254 4169 1270 4204 a
1287 4150 1360 4204 robis
1377 4149 1464 4201 urbem

311 4237 415 4315 Romani
433 4239 497 4303 uult,
516 4239 585 4293 dicat
603 4243 650 4292 cet
686 4239 741 4292 Nos
759 4239 843 4291 minus
861 4237 890 4290 id
906 4238 1059 4306 probamus;
1080 4254 1139 4290 nam
1156 4255 1221 4308 quae
1239 4242 1370 4304 tamquam
1388 4247 1466 4301 oppo-

311 4324 357 4377 n'ta
376 4332 528 4392 sequuntur,
545 4341 596 4378 non
615 4324 648 4377 ad
666 4325 767 4392 plebem
784 4341 817 4376 ex
835 4324 897 4376 urbe
917 4323 1105 4387 deducendam,
1123 4324 1169 4376 sed
1188 4324 1220 4376 ad
1243 4324 1387 4376 universam
1405 4335 1467 4370 ren-

310 4408 380 4464 uendi
399 4411 549 4479 emendique
566 4412 690 4463 rationem
708 4411 845 4477 pertinent.
875 4407 963 4480 Quare
987 4409 1126 4462 retinemus
1144 4415 1180 4472 at,
1198 4410 1216 4462 i.
1227 4424 1249 4460 e.
1267 4408 1367 4469 saltem,
1389 4408 1465 4458 certe.

310 4494 371 4551 llam
390 4498 473 4550 totius
492 4497 543 4550 loci
560 4498 623 4549 baec
641 4499 681 4548 est
698 4496 839 4548 sententia:
863 4495 950 4548 Nolite
972 4496 1004 4547 ab
1023 4495 1086 4547 urbe
1104 4495 1248 4557 discedere,
1270 4492 1375 4544 deliniat
1397 4493 1465 4542 certe

310 4581 414 4649 llnllus,
437 4599 502 4651 quos
526 4599 602 4652 agros
620 4584 656 4636 sit
674 4583 815 4635 divisurus:
839 4586 868 4637 ut
885 4582 997 4649 undique
1015 4586 1104 4636 coacta
1122 4584 1233 4650 pecunia
1248 4578 1374 4645 pessimos
1389 4579 1465 4639 emat,

309 4684 381 4727 necno
400 4674 487 4741 potest
503 4673 652 4734 concedere,
670 4673 756 4736 atque,
773 4669 873 4722 etiarnsi
893 4669 974 4723 bonos
992 4672 1125 4736 empturus
1142 4674 1194 4733 eet,
1215 4674 1302 4721 tamen
1316 4662 1381 4715 haee
1397 4660 1463 4715 ratio
