3550 5492
749 528 982 593 -152-

287 709 318 766 et
340 701 407 765 sinc
429 717 522 763 causa
543 690 738 759 tumultuari
768 691 822 776 qui
845 691 972 757 timeam
993 711 1033 755 ne
1055 690 1133 755 mihi
1155 691 1191 755 iu
1218 712 1338 757 carcere
1358 694 1432 759 hebi·

286 803 417 871 tendum
440 801 491 881 sit,
514 798 541 862 si
563 794 828 881 tribunusplebis
852 792 923 858 duci
951 791 1100 859 iusserit?
1148 793 1214 878 Ego
1243 816 1318 860 cum
1338 796 1434 861 vestris
1479 828 1481 889 3

288 907 383 973 armis
405 908 542 969 armatus
564 901 625 968 sim
645 898 882 984 insignibusque
911 896 1112 982 amplissimis
1136 902 1280 981 ornatus,
1308 898 1435 984 imperio,

287 1008 481 1088 auctoritate,
511 1026 573 1070 non
594 1004 717 1068 horreo:
749 1002 784 1067 in
805 1001 889 1066 hunc
911 1000 1012 1067 locum
1031 1000 1173 1087 progredi
1195 1022 1328 1086 possum
1345 1002 1435 1067 vobis·
1479 1020 1482 1031 ·

288 1136 347 1200 que
379 1111 553 1178 auctoribus
579 1107 776 1193 improbitati
809 1105 971 1170 hominum
999 1102 1156 1186 resistere,
1191 1124 1248 1171 neo
1276 1097 1382 1170 uereor
1401 1127 1437 1170 -ne

288 1216 462 1303 respublica
487 1213 583 1280 tantis
614 1210 736 1276 munita
764 1207 925 1293 praesidiis
955 1206 994 1270 ab
1011 1205 1090 1272 istis
1119 1206 1203 1273 vinci
1232 1214 1290 1274 aut
1317 1208 1438 1295 opprimi

288 1320 392 1408 possit.
437 1318 472 1383 Si
500 1322 591 1380 antea
618 1313 811 1394 timuissem,
843 1317 948 1376 tamen
977 1309 1035 1374 hac
1063 1308 1221 1392 contione,
1256 1309 1316 1377 hoc
1336 1310 1437 1398 populo

288 1429 368 1489 certe
390 1442 454 1487 non
475 1440 605 1486 vererer.
641 1416 717 1495 Quis
740 1417 825 1482 enim
846 1433 987 1499 unquam
1008 1418 1074 1478 tam
1089 1413 1224 1478 secunda
1241 1414 1384 1481 contione
1401 1416 1438 1479 le

265 1549 357 1613 gem
380 1525 534 1610 agrariam
562 1521 660 1588 suasit
688 1541 782 1606 quam
810 1537 865 1602 ego
894 1514 1046 1583 dissuasi?
1064 1516 1102 1581 ¹si
1123 1515 1180 1581 hoc
1202 1517 1382 1584 dissuadere
1398 1523 1439 1583 est

213 1636 324 1698 roasa
344 1650 408 1696 nou
430 1627 602 1712 disturbare
630 1630 722 1709 atque
743 1627 927 1710 pervertere.
950 1614 1019 1685 ‘Ex
1047 1640 1107 1705 quo
1128 1619 1280 1704 intelligi,
1304 1621 1438 1704 Quirites,

287 1740 389 1822 potest
410 1731 490 1796 nihil
505 1751 572 1795 esse
594 1735 657 1794 tam
672 1726 830 1816 populare,
853 1745 947 1810 quam
969 1723 1012 1807 id,
1036 1722 1117 1810 quod
1138 1744 1192 1808 ego
1214 1722 1303 1790 vobis
1317 1724 1353 1790 in
1366 1724 1439 1791 hunc

288 1858 405 1902 annum
433 1834 540 1901 consul
567 1832 723 1919 popularis
751 1832 858 1913 affero,
887 1848 1011 1914 paoem,
1037 1827 1313 1913 tranquillitatem,
1342 1829 1439 1896 otium.

373 2017 420 2067 lico
432 2019 488 2057 esim
501 2015 585 2056 vestris.
605 2032 631 2044 -
654 2012 752 2052 orontes
766 2010 926 2060 insignibusque
943 2011 1082 2060 amplissimis
1095 2013 1220 2050 exornatos.
1238 2031 1264 2041 -
1281 2021 1326 2051 noer
1338 2011 1440 2052 camois

288 2088 345 2127 hunc
357 2089 432 2137 tomas.
447 2084 592 2143 -propreds'
604 2081 709 2129 metecus.
722 2099 747 2110 -
762 2080 897 2129 improbitati
909 2081 1007 2119 hominu.

289 2230 348 2267 ram
365 2241 398 2250 -
416 2211 558 2274 ostendero,
571 2209 762 2279 pertimescam,
781 2207 866 2261 credo.
902 2206 1069 2263 Tumultoori
1085 2211 1125 2263 est
1142 2208 1265 2274 clamare,
1283 2208 1390 2263 deorum
1404 2207 1442 2261 ho

291 2299 440 2365 minumque
458 2294 535 2348 fldem
555 2293 702 2362 implorare.
737 2292 818 2346 Paulo
840 2296 901 2360 post
924 2309 980 2347 cum
1004 2307 1091 2347 omnes
1114 2295 1197 2347 nostri
1218 2294 1322 2349 codices
1339 2295 1443 2348 scribent

290 2384 415 2446 cherusci,
434 2396 500 2434 unus
517 2379 584 2432 liber
601 2392 657 2443 ms,
675 2377 744 2445 quod
761 2379 905 2445 temporum
923 2379 1069 2432 consecutio
1086 2379 1211 2447 postulat,
1228 2378 1338 2445 iusserit
1349 2379 1443 2435 exhibet

266 2513 268 2516 ,
291 2471 367 2540 idque
384 2469 514 2539 praeferre
535 2467 675 2534 coeperunt
697 2464 852 2517 recentiores
871 2464 989 2517 editores.
1013 2492 1047 2502 -
1072 2463 1131 2534 Ego
1149 2482 1207 2520 cum
1223 2466 1318 2518 vescia
1334 2480 1388 2534 seq.
1418 2465 1444 2521 Ιιι

290 2555 413 2610 hocloco
431 2552 611 2608 constituendo
630 2567 687 2605 oum
705 2566 784 2626 saepe
802 2550 982 2604 abactoribus
1005 2551 1161 2617 editoribus,
1184 2554 1228 2621 qui
1245 2553 1318 2606 varie
1335 2552 1444 2607 codicum

290 2640 425 2694 lectionem
443 2641 619 2707 corruperunt,
638 2636 808 2700 discedamus,
825 2651 858 2688 ne
876 2652 934 2689 cum
952 2637 1136 2692 recentioribus
1148 2637 1250 2707 quidem
1268 2641 1444 2694 consentimus

291 2726 357 2779 Nam
374 2726 484 2794 primum
502 2721 625 2776 codicisil
642 2721 768 2775 ιιιιιιιθιιι,
781 2720 862 2774 secuti
880 2721 1029 2790 scripsimus
1048 2708 1106 2774 cam
1122 2728 1239 2775 crocotas
1257 2723 1307 2777 sim
1324 2726 1394 2791 (nam
1407 2723 1445 2777 ille

292 2818 408 2864 ororetur
426 2811 475 2872 sim
491 2808 631 2877 signisque,
648 2805 740 2873 reliqui
757 2812 876 2869 omacius
893 2804 1086 2875 insignibusque
1103 2806 1207 2870 habent,
1224 2812 1254 2860 ιιι
1271 2811 1298 2861 st
1314 2810 1397 2880 ipsius
1412 2825 1452 2863 er·.

291 2914 374 2952 rorem
393 2900 420 2950 et
436 2895 591 2965 reliquorum
608 2892 784 2946 confusionem
802 2907 835 2945 ex
847 2891 985 2945 earundem
1001 2892 1152 2958 litterarum,
1170 2908 1235 2961 quae
1252 2894 1293 2947 bis
1311 2895 1394 2964 repeti
1409 2893 1453 2947 de·

292 2985 388 3048 herent,
406 2983 545 3038 omissione
562 2984 646 3033 ortam
663 2993 720 3033 esse
739 2979 859 3043 constet),
876 2981 930 3031 tum
949 2994 1037 3036 omnes
1054 2979 1113 3032 libri
1130 2995 1178 3033 ms.
1195 2980 1314 3033 scribunt
1328 2978 1448 3050 progredi

287 3086 378 3139 posse,
400 3069 560 3136 editoresque
581 3065 688 3118 alteram
710 3065 759 3118 hoc
781 3078 857 3132 posse
880 3063 1034 3128 omiserunt,
1057 3079 1090 3116 ue
1113 3065 1240 3120 sententia
1263 3064 1367 3132 quidem
1389 3063 1447 3118 setis

217 3212 221 3218 ,
291 3154 427 3222 probabili.
471 3152 538 3206 Nam
555 3166 640 3215 arma,
663 3165 728 3217 quae
752 3148 863 3217 populus
882 3149 1014 3202 Romanus
1037 3150 1155 3219 praebet,
1176 3151 1342 3220 insigniaque
1365 3165 1448 3205 consu·

291 3240 359 3292 latus
380 3255 471 3307 parum
493 3237 614 3300 afferunt,
640 3240 670 3288 ut
693 3236 784 3293 lortius
805 3236 833 3288 in
857 3238 941 3291 rostra
963 3236 1142 3305 pmgrediatur
1163 3253 1210 3290 nec
1231 3240 1284 3289 tam
1306 3234 1337 3291 id
1360 3237 1447 3306 agitur,

291 3325 321 3376 ιιι
337 3322 437 3376 fortiter
459 3322 487 3374 iu
509 3320 652 3373 contionem
675 3334 703 3372 se
724 3318 827 3386 prodire
850 3318 931 3383 dicat,
954 3335 1030 3389 quam
1053 3323 1082 3374 ιιι
1104 3322 1206 3374 omnino
1229 3321 1295 3374 nihil
1319 3337 1349 3375 se
1364 3323 1448 3375 timere

292 3405 428 3477 significet
464 3405 548 3478 Quare
565 3420 632 3469 eum,
651 3419 727 3474 quem
744 3406 895 3474 saepissime
912 3406 940 3458 in
958 3407 1051 3460 nostris
1075 3406 1206 3470 codicibus
1230 3408 1449 3477 deprehendimus,

293 3507 404 3545 errorem
416 3490 540 3544 accidisse
552 3489 715 3555 arbitramur,
733 3492 763 3542 ιιι
774 3490 920 3543 terminatio
938 3495 1149 3561 corrumperetur,
1167 3493 1384 3565 emendamusque
1390 3510 1450 3564 pro

290 3580 368 3649 greci-i
386 3568 503 3649 pdiscm,
520 3579 570 3631 hac
587 3578 714 3632 sententia
732 3577 765 3630 ab
782 3592 827 3657 ea,
845 3593 910 3646 quae
929 3578 1071 3644 antecedit,
1093 3579 1226 3649 dirempta.
1278 3580 1343 3635 Gum
1364 3580 1450 3635 consul

294 3667 352 3730 sim,
369 3667 461 3735 iuquit,
479 3665 543 3718 nihil
560 3666 652 3729 timeo;
669 3664 732 3718 licet
749 3664 818 3716 enim
836 3663 868 3716 ad
887 3680 934 3719 ros
953 3665 1057 3734 prodire
1075 3666 1248 3736 improbisque
1264 3668 1395 3723 resistere.
1414 3666 1451 3729 Ac

292 3767 475 3822 nonnunquam
493 3752 581 3806 Cicero
605 3751 710 3804 temere
732 3752 806 3821 quasi
830 3750 947 3805 absolute
965 3751 1035 3804 nullo
1053 3752 1153 3805 obiecto
1176 3752 1263 3807 addito
1288 3752 1364 3818 dicit,
1386 3751 1451 3806 reiut

294 3837 392 3895 adhc.
405 3836 436 3902 ΙΙ,
449 3837 490 3904 al,
510 3838 522 3890 l
542 3836 684 3890 dominatio
702 3853 770 3888 nunc
787 3843 891 3904 repente
904 3842 975 3888 tanto
992 3836 1021 3888 irc
1032 3836 1091 3889 odio
1109 3843 1148 3889 est
1164 3837 1288 3901 omuibus,
1304 3844 1336 3890 ut
1343 3852 1451 3906 quorsus

187 3927 190 3934 '
292 3930 418 4003 eruptura
434 3923 476 3987 sit,
494 3923 655 3986 torreamos3
673 3938 699 3990 p.
711 3921 778 3974 dom.
789 3921 832 3985 55,
849 3921 899 3992 140
916 3921 1021 3975 homere
1039 3922 1138 3987 animm
1157 3922 1223 3975 Phil.
1236 3922 1291 3988 Vll,
1302 3921 1329 3990 3,
1339 3921 1358 3978 8
1370 3938 1451 3991 qaaere

292 4009 430 4062 admodum
451 4008 586 4078 acceptari
606 4007 664 4060 sitis
685 4006 785 4059 torreo.
831 4005 904 4070 Quod
923 4011 1008 4060 autem
1029 4009 1057 4061 iu
1075 4010 1252 4065 terminatione
1268 4008 1453 4079 corrumpenda

294 4093 386 4145 sitium
403 4091 480 4145 modo
498 4091 655 4155 notavimus,
679 4089 747 4142 idem
770 4088 847 4158 paulo
863 4095 924 4159 post
940 4093 1096 4160 invenimus,
1120 4095 1164 4148 ubi
1181 4095 1281 4150 codices
1298 4096 1397 4151 habent
1412 4095 1453 4149 leo

292 4178 379 4241 miris,
397 4193 444 4232 nos
462 4176 591 4229 bominem
608 4175 766 4253 scripsimus.
801 4175 892 4245 Neque
908 4178 977 4253 enim
993 4194 1102 4248 usquam
1119 4194 1166 4249 per
1183 4180 1250 4234 huno
1271 4180 1359 4236 locum
1375 4196 1454 4235 ιιιιιιιιι

293 4261 323 4315 Ρ.
339 4262 444 4316 Rullum
462 4265 532 4328 (nam
550 4263 583 4314 ad
600 4277 658 4314 eum
675 4263 815 4337 pertineret
839 4263 924 4329 locro)
941 4264 1069 4328 nominat,
1092 4280 1193 4334 semper
1215 4281 1273 4321 cum
1296 4281 1326 4320 eo
1346 4266 1454 4321 aliorum

293 4348 454 4423 tribunorum
473 4352 653 4418 auctorumque
676 4348 741 4418 legis
760 4350 876 4417 agrariae
893 4350 1047 4404 mentionem
1071 4351 1216 4421 coniungit,
1239 4352 1310 4405 velut
1331 4352 1454 4421 deinceps

294 4433 331 4486 ait
348 4430 380 4485 ab
397 4433 455 4486 istis
472 4434 545 4486 vinci
560 4463 594 4473 -
607 4435 699 4504 possit.
1402 4478 1407 4484 -

383 4519 441 4573 102.
459 4521 549 4574 consul
562 4521 709 4591 popularis.
744 4520 783 4576 cf.
795 4536 860 4591 quae
880 4536 961 4591 supra
978 4522 1018 4588 §7
1035 4523 1163 4591 exposuit.
1181 4550 1215 4561 -
1232 4522 1280 4575 sed
1295 4522 1374 4576 edum
1392 4523 1455 4576 istos

294 4606 348 4682 seq.
374 4605 449 4661 Hunc
466 4605 551 4662 locum
569 4609 660 4664 vitiose
676 4607 704 4661 iu
722 4608 853 4665 codicibus
865 4609 990 4679 scriptum
1008 4625 1085 4678 quam
1097 4611 1250 4682 sententiam
1267 4610 1363 4667 habere
1379 4625 1455 4682 opor·
