3550 5492
762 590 1117 654 -145-·

297 775 366 836 uas,
391 752 564 834 Collatiam,
586 750 690 837 ipsum
711 752 812 817 hercle
826 752 1014 835 Lanuvium,
1029 752 1176 835 Ariciam,
1192 752 1366 819 Tusculum
1387 775 1461 819 cum

299 856 437 938 Calibus,
460 856 575 938 Teano,
590 855 729 941 Neapoli,
745 856 893 937 Puteolis,
908 854 1026 937 Cumis,
1041 856 1207 941 Pompeiis,
1223 856 1358 921 Nuceria
1378 877 1460 921 eom·

298 960 465 1046 parabunt
499 958 618 1034 Quibus
640 959 688 1025 illi
710 960 801 1025 rebus
823 959 898 1024 elati
919 965 950 1023 et
969 958 1069 1024 inflati
1084 960 1214 1025 fortasse
1228 982 1291 1027 uon
1305 961 1503 1043 continuati

299 1060 356 1126 sed
378 1066 469 1142 certe,
492 1060 521 1125 si
542 1060 671 1146 paulum
687 1061 913 1146 assumpserint
933 1062 1095 1129 vetustatis
1110 1084 1146 1127 ac
1160 1063 1285 1145 roboris,
1306 1084 1368 1129 uon
1390 1084 1461 1129 con·

298 1165 500 1246 tinebuntur,
528 1165 778 1250 progredientur,
807 1164 930 1249 longius
960 1167 1134 1232 efferentur.
1178 1165 1351 1250 Singularis
1371 1167 1463 1233 homo

300 1267 451 1354 privatus,
475 1267 537 1331 nisi
559 1289 673 1351 magna
690 1267 844 1354 sapientia
863 1268 1032 1354 praeditus,
1056 1270 1110 1334 vix
1130 1269 1220 1334 facile
1240 1291 1309 1337 sese
1329 1270 1461 1354 regioni-

301 1371 359 1437 bus
382 1369 475 1436 officii
496 1371 617 1454 magnis
647 1372 682 1436 in
711 1371 842 1437 fortunis
865 1378 898 1436 et
924 1373 1019 1458 copiis
1049 1373 1202 1439 continet:
1232 1373 1348 1439 nedum
1368 1372 1423 1438 isti
1443 1395 1464 1438 a

387 1534 420 1576 8¹1.
430 1536 600 1584 procreabatur
614 1537 704 1585 impius,
718 1536 843 1584 efferentur.

301 1665 470 1733 insequuntur
492 1664 561 1717 enim
586 1664 689 1717 nomina
711 1665 872 1733 oppidorum.
910 1664 1005 1719 Contra
1024 1664 1047 1718 si
1065 1666 1098 1718 ab
1116 1665 1255 1734 interprete
1277 1666 1341 1719 baec
1364 1664 1464 1718 adiecta

302 1753 431 1818 putamus,
449 1754 607 1819 quantopere
620 1750 776 1804 conveniunt
793 1751 941 1819 interpreti!
968 1748 1056 1819 Apros
1074 1750 1242 1820 conferendos
1259 1750 1463 1821 conpetebant,

301 1836 431 1905 nimirum,
448 1837 497 1889 etsi
515 1851 592 1905 saepe
612 1836 644 1889 de
661 1837 778 1890 ubertate
795 1837 853 1905 agri
871 1835 996 1904 (iampani
1014 1837 1092 1906 diqit,
1109 1839 1135 1892 b.
1153 1838 1170 1892 l.
1189 1854 1241 1892 non
1258 1843 1402 1907 comparat;
1420 1854 1464 1906 op-

298 1922 366 1993 pida
384 1927 470 1974 onwan
483 1937 534 1990 per
551 1922 634 1974 risum
652 1939 685 1975 nc
707 1923 792 1975 ioca-m
813 1922 978 1986 cananeus,
1005 1929 1138 1991 comparat
1161 1925 1282 1978 uidelicet
1304 1925 1463 1978 nominatim.

302 2008 390 2077 ltaque
409 2007 494 2060 delere
516 2008 580 2061 baec
603 2024 655 2062 non
678 2008 874 2063 dubitavimus·
901 2009 957 2062 Etsi
980 2010 1164 2063 dubitationem
1190 2011 1301 2080 aliquam
1325 2011 1465 2074 iniiciebat,

303 2093 371 2164 quod
393 2093 524 2163 Pupiniae
553 2095 675 2148 sterilitas
699 2098 911 2149 commemoratur
940 2096 1010 2159 (nam
1033 2095 1151 2148 Vaticani
1178 2096 1233 2149 riui
1262 2100 1331 2150 certe
1357 2096 1465 2149 infamia

304 2180 385 2235 cuivis
403 2183 464 2232 nota
481 2195 538 2233 esse
558 2183 684 2249 poterat);
702 2183 758 2236 eins
775 2183 844 2236 enim
861 2182 1016 2236 mentionem
1033 2182 1132 2237 faciunt
1148 2186 1249 2237 tanturn
1267 2183 1465 2249 Columell.l,4,

304 2264 365 2320 iet
383 2265 466 2320 Varro
485 2267 517 2320 de
532 2274 563 2322 're
580 2272 645 2323 rust.
662 2269 683 2333 l,
700 2270 725 2334 9,
742 2268 767 2324 5.
802 2269 912 2322 Doctum
933 2270 1014 2338 im'tur
1035 2270 1116 2324 tuisse
1139 2274 1251 2339 oportet,
1269 2271 1384 2339 quisquis
1400 2269 1465 2323 baec

305 2352 463 2407 adiecit-
492 2351 573 2408 Veios.
613 2352 720 2408 Codices
747 2369 836 2408 omnes
856 2354 954 2408 habent
975 2355 1059 2420 vicos,
1082 2356 1129 2410 sed
1146 2356 1362 2410 Beroaldus'iam
1384 2355 1466 2409 edidit

304 2437 422 2503 heines,
439 2440 532 2508 reliqui
549 2438 667 2494 Labicos.
702 2440 784 2494 Nobis
801 2441 829 2493 id
846 2442 971 2510 oppidum
988 2458 1040 2496 non
1057 2442 1150 2510 placet,
1166 2458 1218 2495 non
1235 2441 1320 2506 modo,
1338 2441 1406 2511 quod
1423 2457 1465 2496 co·

306 2523 389 2577 dimin
406 2525 513 2580 lectioni
532 2526 658 2594 syllabam
670 2528 833 2595 praemittere
851 2528 979 2593 nolumus
996 2543 1085 2581 verum
1102 2529 1181 2582 etiam
1199 2528 1269 2598 quod
1278 2528 1368 2583 Labici
1384 2544 1465 2598 prope

305 2610 443 2666 Tusculum
466 2613 586 2665 iacebant
607 2627 638 2665 ac
659 2614 810 2667 remotiores
833 2615 866 2666 ab
883 2615 966 2667 Roma
983 2617 1058 2668 erant
1080 2631 1157 2682 quam
1174 2614 1287 2669 Fidenae
1304 2619 1330 2667 et
1348 2613 1465 2668 Collatia.

306 2695 371 2751 lllnd
388 2696 466 2749 etiam
484 2713 531 2751 nos
549 2699 683 2762 movebat,
701 2699 769 2766 quod
786 2698 890 2764 Cicero,
908 2715 966 2752 eum
983 2700 1093 2754 finitima
1110 2701 1206 2770 oppida
1222 2705 1396 2765 enumeraret,
1413 2717 1465 2755 non

306 2783 439 2837 videbatur
456 2783 566 2848 nullum,
589 2783 658 2850 qnod
681 2782 750 2836 ultra
766 2784 880 2837 Tiberim
904 2788 986 2849 esset,
1010 2786 1142 2838 nominare
1164 2801 1248 2854 posse.
1285 2785 1370 2849 Quare
1392 2784 1466 2839 Veios

307 2868 464 2937 scripsimus,
481 2868 577 2935 inquo
595 2870 622 2919 et
638 2867 737 2920 litteras
755 2869 830 2922 nobis
848 2868 957 2921 traditas
971 2870 1088 2948 prqxirne
1105 2870 1187 2922 secuti
1205 2884 1293 2923 sumus
1311 2873 1338 2923 et
1352 2869 1467 2922 locorum

306 2954 429 3022 quendam
447 2954 576 3017 ordinem;
594 2956 657 3005 sunt
673 2954 740 3006 enim
758 2953 817 3006 Veii
841 2954 910 3007 ultra
927 2955 1040 3009 Tiberim
1058 2970 1107 3008 nec
1129 2955 1210 3010 mrdto
1232 2954 1335 3022 longius
1353 2954 1386 3006 ab
1403 2953 1466 3006 urbe

307 3039 402 3096 disan
419 3056 495 3109 qnam
513 3039 635 3094 Fidenae.
673 3039 836 3109 Quantopere
853 3044 938 3094 autem
956 3041 1053 3109 oppida
1071 3041 1170 3106 omnia,
1189 3055 1255 3109 quae
1273 3040 1341 3093 circa
1357 3039 1465 3092 Romam

306 3130 385 3191 erant,
403 3126 580 3194 magnitudine
597 3126 669 3180 urbia
687 3141 813 3194 oppressa
830 3127 955 3196 paulatim
972 3127 1123 3192 interierint,
1142 3126 1256 3181 ostendit
1273 3125 1330 3194 ipse
1342 3123 1430 3178 Gicero
1439 3140 1464 3192 p.

306 3210 390 3266 Plana
409 3212 434 3276 9,
452 3210 498 3276 233
516 3211 611 3264 Strabo
629 3210 732 3280 quidem
745 3211 777 3276 V,
795 3211 821 3276 3,
838 3211 854 3264 2
873 3211 1009 3265 Collatiam
1026 3215 1053 3265 et
1063 3211 1174 3265 Fidenas
1193 3214 1219 3264 et
1236 3210 1287 3264 alia
1304 3209 1402 3279 oppida
1417 3223 1465 3263 suo

306 3301 419 3368 tempore
441 3299 512 3352 nicos
535 3313 593 3351 esse
610 3298 648 3350 ait
671 3297 880 3368 privatorumque
903 3299 1034 3352 hominum
1056 3298 1242 3367 possessiones.
1277 3294 1374 3350 Contra
1391 3295 1465 3350 Gam-

305 3385 381 3452 pania
398 3384 575 3453 imprimisque
598 3384 695 3453 oppida
717 3384 750 3436 ad
767 3385 831 3437 illud
848 3400 918 3438 mare
940 3387 992 3438 sita
1014 3386 1125 3439 mammo
1141 3384 1268 3439 florebant
1289 3388 1316 3438 et
1332 3385 1464 3439 hominum

305 3472 467 3525 multitudine
484 3474 511 3524 et
527 3474 678 3524 mercatura.
1267 3483 1273 3487 ·

388 3558 430 3612 97.
449 3558 550 3626 loupiac
571 3557 718 3628 efferentur.
749 3556 793 3610 Sic
810 3557 873 3611 haee
891 3561 952 3612 sunt
968 3558 1159 3629 coniungenda,
1176 3561 1206 3612 ut
1222 3558 1272 3611 rite
1285 3573 1301 3609 a
1315 3557 1413 3610 minore
1431 3555 1464 3609 ad

304 3645 385 3699 maius
396 3645 556 3698 ascendatur.
580 3643 642 3697 Noa
651 3642 879 3707 contracdictioni.
888 3659 911 3697 e.
923 3645 956 3698 iis
967 3661 1032 3714 quae
1044 3644 1183 3708 habebunt,
1193 3643 1306 3697 contenti
1320 3658 1371 3695 non
1381 3646 1465 3706 erunt,

302 3731 502 3801 propredientnr
518 3733 599 3787 extra
618 3728 683 3782 fines
706 3732 733 3781 et
755 3729 870 3783 coloniae
893 3733 920 3782 et
940 3729 1032 3794 officii,
1056 3730 1158 3798 lonqins
1172 3727 1320 3798 efferentur,
1336 3728 1354 3781 i.
1371 3743 1394 3780 e.
1412 3742 1464 3780 non

303 3818 446 3870 consistent
466 3815 571 3884 paulum
594 3816 704 3884 egressi,
726 3815 773 3868 sed
795 3814 870 3882 plnr'a
892 3816 1024 3883 acquirere
1046 3815 1159 3883 cupient
1207 3813 1236 3866 Si
1259 3813 1408 3867 adverbium
1430 3812 1464 3864 ad

302 3903 483 3973 progrediendi
501 3904 607 3957 verbnm
624 3904 730 3968 referas,
748 3906 775 3955 et
792 3903 909 3971 gradatio
926 3902 989 3955 baec
1002 3906 1090 3970 pereat
1106 3904 1134 3954 et
1150 3901 1215 3954 illud
1232 3901 1348 3969 ineptum
1359 3899 1464 3962 existat,

302 3989 370 4059 quod
386 3990 478 4042 merito
495 3988 614 4043 Ernestio
633 3988 793 4056 displicebat,
811 3990 840 4040 nt
857 3987 921 4040 elati
939 3986 1030 4056 efferri
1051 3986 1177 4039 dicantur.
1212 3986 1287 4040 Nunc
1303 3984 1368 4054 illud
1384 3984 1464 4052 parti·

302 4076 399 4144 cipium
417 4075 450 4128 ad
468 4076 581 4128 animum
593 4075 739 4140 reseremus,
757 4076 801 4144 qui
819 4074 863 4126 nbi
875 4075 962 4127 elatus
971 4073 1027 4138 erit,
1045 4076 1173 4140 sequetur,
1191 4075 1220 4125 ut
1232 4073 1310 4125 etiam
1324 4071 1351 4123 in
1363 4069 1464 4138 agendo

302 4157 366 4213 ines
383 4161 533 4228 propositos
551 4159 668 4234 excedas.
695 4186 731 4197 -
752 4158 896 4226 stapuloris
913 4158 986 4210 tom
1007 4157 1138 4226 peteme.
1173 4156 1344 4225 Opponuntur
1360 4157 1407 4210 isti
1423 4172 1464 4209 co·

302 4243 363 4309 loni,
381 4245 409 4297 in
427 4261 478 4314 qno
496 4250 523 4298 et
539 4243 676 4297 multitudo
694 4245 806 4297 inestet
822 4243 920 4312 publici
932 4243 1045 4296 muneris
1060 4240 1221 4310 significatio,
1239 4242 1365 4312 siquidem
1381 4242 1465 4296 coloni

301 4336 371 4397 sunt,
389 4334 434 4401 qui
449 4333 553 4402 publice
570 4331 737 4384 deducuntur.
770 4330 923 4399 Sinpnlaris
941 4333 1027 4384 autem
1045 4329 1150 4398 supplet
1168 4329 1286 4382 adiectiri
1303 4329 1402 4398 sinquli
1417 4345 1462 4382 nu-

301 4416 400 4473 merdm
417 4419 586 4488 singularem,
604 4419 648 4486 qui
665 4417 756 4471 Latine
777 4433 829 4471 non
846 4417 980 4485 reperitur,
999 4415 1230 4484 conterendumqne
1247 4416 1371 4480 maxime,
1394 4415 1463 4484 quod

303 4499 400 4556 Gaesar
416 4503 476 4557 bell.
494 4503 562 4557 Gall.
580 4502 637 4566 Vll,
654 4501 680 4566 8,
697 4501 714 4554 3
731 4501 821 4554 babet:
848 4500 890 4554 Ne
913 4500 1044 4569 einpuluri
1065 4499 1168 4569 quadem
1189 4516 1302 4568 unquam
1319 4500 1463 4554 laeanitico

304 4593 417 4657 tempore
434 4591 503 4642 anai·
515 4590 620 4643 sanitae
632 4595 785 4658 patuerant.
820 4587 917 4641 hrum
935 4589 1021 4641 autem
1039 4589 1088 4650 est,
1105 4585 1175 4655 quod
1193 4584 1285 4639 deinde
1302 4586 1395 4656 legitur
1408 4601 1462 4639 sese

302 4673 452 4743 rapinatim
468 4675 551 4745 officii
566 4703 600 4734 ·,—
618 4676 744 4738 continet,
767 4677 797 4728 ut
817 4675 936 4744 regiones
958 4674 1011 4728 sint
1026 4675 1045 4728 i.
1063 4689 1087 4743 q.
1105 4673 1182 4739 fines,
1205 4672 1252 4725 sed
1273 4673 1357 4726 simile
1376 4676 1461 4725 tamen
