3550 5492
775 603 806 611 m
863 569 925 635 178
969 606 1010 616 —

311 753 368 791 esse
389 734 556 788 mirabimur?
598 731 658 799 lpso
687 730 714 783 id
741 734 856 800 tempore
879 732 971 797 fiebat,
994 748 1045 785 non
1066 733 1124 800 lege
1148 733 1213 798 ulla,
1236 735 1386 802 praesertim
1407 739 1453 803 post

311 821 394 891 legem
411 819 545 881 Maeniam,
563 833 613 884 qua
630 815 708 869 etiam
720 820 822 884 patrum
841 818 980 871 auctoritas
998 817 1031 870 ad
1048 819 1151 871 inanem
1169 818 1282 886 speciem
1299 818 1402 872 redacta
1418 824 1453 872 est.

310 908 412 961 Etenim
430 921 487 958 cum
506 904 602 956 Romae
619 902 734 955 homines
753 902 786 955 ad
804 904 909 957 comitia
926 920 977 958 non
995 907 1155 973 cogerentur,
1172 904 1218 958 sed
1235 905 1355 958 omnibus
1380 905 1454 959 abesse

310 995 398 1047 liceret
415 994 484 1055 (uam
506 990 553 1042 hoc
571 991 639 1041 recte
661 988 808 1042 observavit
825 989 1008 1045 llommsenius
1029 992 1099 1056 loco,
1125 992 1169 1060 qui
1191 1007 1270 1060 supra
1293 992 1387 1045 citatus
1410 992 1454 1055 est),

310 1079 403 1134 accidit
420 1078 551 1148 paulatim,
572 1081 601 1129 ut
617 1075 650 1130 ad
667 1076 730 1129 baec
748 1077 852 1130 comitia
868 1080 968 1131 curiata
985 1092 1059 1130 nemo
1082 1076 1185 1130 adesset
1202 1081 1305 1147 praeter
1322 1093 1381 1142 eos,
1403 1092 1454 1145 qnos

310 1167 343 1219 ad
361 1163 474 1233 auspicia
490 1161 608 1214 iacienda
626 1160 716 1216 adesse
733 1178 839 1216 necesse
856 1166 919 1227 erat,
938 1162 1041 1215 lictores
1059 1163 1195 1227 curiarum,
1216 1177 1263 1231 per
1280 1178 1345 1230 quos
1364 1163 1454 1230 aanno

257 1256 260 1261 “
309 1267 379 1305 more
397 1251 495 1304 curiata
513 1249 616 1302 comitia
633 1249 840 1303 convocabantur
857 1249 933 1316 (Geli.
951 1246 1011 1313 XV,
1030 1248 1083 1314 at),
1100 1252 1129 1301 ut
1144 1248 1220 1300 facile
1237 1247 1382 1313 credamus,
1400 1246 1454 1316 qnod

309 1337 397 1390 Cicero
419 1333 483 1400 §31
507 1334 569 1391 baec
592 1333 695 1387 comitia
722 1334 760 1387 od
780 1336 974 1404 usurpationem
996 1334 1131 1388 vetustatis
1154 1350 1206 1402 per
1232 1333 1343 1402 triyiuta
1367 1333 1454 1386 lictores

308 1419 483 1490 auspiciorum
502 1433 583 1469 cuuao
600 1416 754 1470 adumbrato
772 1434 829 1473 esse
849 1419 917 1473 dicit.
953 1420 1138 1475 Relinebantur
1161 1422 1248 1472 tamen
1270 1419 1389 1472 adhunc
1410 1434 1454 1487 spe·

308 1509 380 1571 ciem,
399 1522 431 1559 ne
448 1505 563 1578 auspicia
580 1505 686 1574 antiqua
702 1506 893 1572 interciderent,
910 1522 961 1560 non
978 1506 1053 1559 modo
1071 1505 1192 1575 quamdiu
1208 1505 1291 1558 libera
1308 1504 1358 1559 init
1376 1521 1453 1573 respn-

307 1594 383 1664 blica,
400 1589 542 1645 sedetiam
560 1588 608 1641 sub
622 1587 827 1656 imperatoribus,
844 1592 888 1661 qui
904 1589 1031 1659 quomodo
1044 1590 1077 1642 iis
1094 1589 1127 1641 ad
1141 1586 1374 1657 snam'potentiam
1392 1588 1452 1657 qnasi

307 1676 394 1733 diuino
412 1678 466 1730 iure
484 1673 683 1728 confirmandam
701 1677 741 1729 usi
758 1677 823 1741 sint,
847 1694 898 1731 non
916 1677 1099 1746 persequimur.
1135 1675 1200 1729 Nam
1222 1677 1269 1729 hoc
1293 1691 1373 1729 unum
1390 1674 1450 1727 nobis

307 1763 465 1833 propositum
490 1760 550 1824 luit,
574 1764 602 1811 ut
619 1757 750 1816 Ciceronis
772 1764 851 1818 verba
872 1764 1072 1817 illustraremus:
1099 1763 1198 1831 inquo
1221 1763 1324 1830 negotio
1348 1761 1372 1813 si
1387 1758 1451 1828 paulo

307 1847 438 1916 longiores
457 1846 560 1908 luimus,
578 1844 615 1896 rei
633 1847 660 1895 et
676 1847 803 1915 gravitate
821 1850 848 1900 et
865 1847 1023 1901 obscuritate
1041 1847 1156 1899 excusari
1174 1846 1299 1914 cupimus.
1442 1856 1446 1863 ⁴
