3550 5492
797 560 1082 645 '-94-

326 740 493 834 matque
514 748 649 835 perdita!
682 745 852 829 Vectigalia
872 745 971 808 locare
993 761 1146 825 nusquam
1167 739 1240 803 licet
1260 738 1323 803 nisi
1344 737 1380 801 in
1394 736 1455 801 hac
1475 735 1556 816 urbe,

402 853 458 917 hoc
482 857 536 916 aut
557 850 611 916 illo
634 870 671 914 ex
692 848 769 930 loco,
791 848 849 912 hac
870 852 1010 910 vestrum
1031 841 1217 927 frequentia:
1246 841 1345 906 averti
1365 844 1491 905 nostras
1513 858 1554 903 ree

402 957 541 1042 proprias
564 960 595 1019 et
616 955 649 1018 in
671 959 854 1039 perpetuum
875 973 895 1015 a
916 950 1005 1015 nobis
1025 947 1154 1012 alienari
1175 946 1209 1011 in
1223 944 1453 1031 Paphlagoniae
1474 948 1552 1008 tene

359 1070 393 1124 56
403 1058 469 1123 bris
492 1062 583 1140 atque
606 1056 639 1119 in
654 1053 862 1139 Cappadociae
884 1051 1050 1116 solitudine
1072 1046 1195 1113 licebit?
1228 1047 1262 1110 L.
1273 1045 1363 1110 Sulla
1385 1067 1459 1110 cum
1481 1044 1551 1111 bona

404 1162 653 1226 indemnatorum
681 1159 797 1225 ciuium
824 1158 947 1221 funesta
975 1155 1031 1218 illa
1052 1153 1192 1218 auctione
1217 1172 1275 1215 sua
1300 1149 1451 1215 venderet
1475 1154 1550 1213 etse

402 1263 547 1349 praedam
569 1281 659 1326 suern
681 1260 796 1325 diceret
814 1259 956 1339 uendere,
978 1263 1083 1321 tamen
1105 1276 1142 1319 ex
1164 1253 1306 1319 hocloco
1329 1250 1482 1332 vendidit,
1503 1271 1549 1313 nec

403 1386 533 1450 quorum
547 1365 651 1430 oculos
666 1363 846 1444 offendebat,
862 1383 968 1427 eorum
982 1362 1119 1447 ipsorum
1136 1363 1332 1444 conspectum
1346 1357 1455 1439 sugere
1468 1374 1549 1419 ausus

402 1474 464 1532 est:
485 1467 575 1531 Xviri
595 1470 697 1532 vestra
719 1465 881 1549 vectigalia
902 1485 965 1529 non
987 1462 1075 1527 modo
1103 1481 1141 1525 nc
1170 1459 1256 1524 vobis
1277 1456 1404 1543 quidem
1426 1454 1548 1535 arbitria,

403 1571 457 1636 sed
479 1593 517 1635 ne
539 1591 687 1657 praecone
709 1570 834 1655 quidem
855 1568 979 1654 publico
1000 1571 1079 1631 teste
1099 1562 1265 1628 vendent?-

488 1728 527 1766 hoc
536 1736 562 1766 ex
572 1728 622 1766 loco.
630 1728 794 1775 -sreqaentta
815 1725 891 1765 Venire
899 1728 992 1765 nostroe.
1004 1742 1029 1753 -
1038 1721 1132 1762 abactis
1145 1720 1274 1760 abalienari.
1288 1737 1311 1747 -
1321 1718 1354 1759 56.
1366 1726 1406 1757 cua
1419 1716 1521 1758 amone.
1530 1731 1548 1745 ι·

403 1805 445 1834 non
454 1796 519 1859 ¹rurodo
532 1794 590 1834 cotie
602 1796 699 1836 arbitris.

404 1916 457 1969 ceri
474 1916 562 1983 utique
580 1898 692 1968 debeat.¹
711 1916 759 1969 Est
775 1916 853 1985 igitur
871 1913 948 1984 paulo
966 1913 1024 1983 plus
1046 1928 1122 1981 quam
1139 1910 1167 1963 id
1183 1911 1268 1978 ipsum
1285 1908 1447 1979 effrenatam.
1464 1935 1496 1945 -
1512 1906 1550 1959 loc

403 1999 517 2052 catillo
539 2014 572 2051 ec
595 2000 656 2053 loco.
700 2000 743 2053 Sic
765 2015 853 2052 omnes
875 1999 976 2052 codices
998 1998 1039 2051 rel
1061 1998 1157 2050 babent
1182 1997 1236 2060 rel,
1253 1996 1353 2049 etiamsi
1378 1994 1468 2047 uitiosi
1492 1996 1550 2052 sunt

404 2101 462 2139 esso
481 2087 599 2153 oportere
618 2078 771 2154 significant,
789 2101 837 2138 nec
854 2089 924 2139 recte
935 2085 1051 2139 iecerunt
1068 2082 1140 2135 multi
1154 2074 1318 2150 interpretes,
1336 2081 1380 2149 qui
1396 2082 1498 2133 tantum
1512 2077 1552 2131 los

406 2184 439 2221 ea
457 2170 512 2220 loco
530 2158 695 2237 scripserunt
721 2169 856 2223 Nescimus
873 2185 920 2223 nos
939 2170 1048 2239 quidem,
1066 2184 1116 2238 quo
1134 2185 1166 2220 ex
1182 2168 1239 2221 loco
1256 2167 1345 2219 baberi
1362 2165 1510 2219 consuerint
1522 2163 1551 2216 lo

406 2255 521 2307 cationes
540 2256 609 2318 (nam
631 2257 658 2308 in
676 2255 733 2308 toro
750 2256 792 2308 sel
809 2271 890 2325 prope
907 2256 935 2309 id
952 2256 1053 2309 habitas
1071 2272 1129 2310 esse
1151 2257 1270 2319 constat),
1283 2257 1450 2307 veruntamen
1468 2252 1552 2322 quoin

404 2341 461 2394 loco
483 2343 656 2410 magistratus,
673 2357 730 2395 cum
747 2342 885 2410 vectigalia
902 2342 1030 2408 locarent,
1046 2341 1207 2396 consederint
1227 2341 1277 2393 etsi
1297 2354 1348 2392 non
1366 2341 1484 2403 constat,
1498 2337 1553 2391 satis

404 2430 490 2479 tanim
501 2444 547 2496 per
560 2444 588 2481 se
602 2429 688 2496 ipsum
700 2431 740 2481 est
751 2429 884 2496 probabile
897 2428 948 2483 duo
960 2429 1040 2483 tuisse
1054 2430 1120 2483 loca.
1149 2428 1214 2481 Nam
1226 2427 1378 2482 locabantur
1396 2429 1442 2478 aut
1459 2425 1493 2479 ab
1504 2438 1553 2477 cen·

406 2512 518 2576 sufibus,
536 2527 644 2581 quorum
661 2513 726 2567 ratio
746 2513 778 2565 ab
796 2513 900 2583 reliquis
918 2515 1111 2583 magistratibus
1123 2516 1150 2568 in
1161 2513 1248 2567 multis
1265 2513 1341 2566 rebus
1353 2511 1493 2580 discrepat,
1508 2494 1574 2573 ant·

404 2598 427 2649 si
446 2612 564 2651 censores
581 2597 646 2651 nulli
663 2596 766 2663 fierent,
787 2615 803 2652 a
820 2599 969 2653 consulibus
986 2599 1187 2668 praetoribusre.
1229 2597 1311 2662 Quare
1335 2595 1403 2648 banc
1420 2594 1508 2649 locum
1522 2593 1553 2645 in·

403 2684 493 2753 telligo
511 2688 608 2749 rostra,
630 2701 663 2737 ex
686 2685 779 2754 quibus
802 2689 863 2738 tunc
881 2685 984 2741 dicebat
1002 2684 1104 2750 Cicero,
1126 2684 1264 2753 inquibus
1285 2682 1348 2734 item
1368 2678 1554 2750 praetoree,ei

403 2770 573 2839 vectigalibus
590 2771 706 2826 locandis
728 2774 893 2840 praeessent,
916 2772 1091 2836 considerent,
1113 2772 1199 2833 illam,
1223 2784 1299 2839 quem
1315 2767 1397 2836 digito
1415 2770 1503 2821 orator
1518 2764 1554 2819 de

403 2855 570 2920 monstrabat,
587 2871 654 2921 eum,
671 2871 704 2909 ox
721 2869 772 2923 quo
790 2870 909 2909 censores
926 2855 1055 2923 locabant,
1072 2857 1182 2911 tortasse
1200 2856 1288 2909 aedem
1300 2853 1414 2908 Castoris
1433 2850 1476 2907 vel
1493 2851 1554 2906 basi·

401 2938 486 2993 boam.
504 2969 538 2978 —
556 2942 648 2995 averti.
675 2941 720 2995 Sic
733 2942 885 3010 scripsimus
904 2940 1063 2994 auctoritatis
1081 2957 1167 2995 causa.
1194 2939 1261 2992 Nam
1279 2955 1336 2992 cum
1348 2938 1442 3006 reliqui
1458 2936 1553 2991 codices

402 3024 540 3079 exhibeant
556 3028 653 3097 uenire,
670 3029 697 3080 in
720 3027 803 3081 cod.9
821 3030 862 3087 est
883 3027 964 3091 verti,
987 3026 1056 3095 quod
1077 3042 1136 3079 cum
1158 3026 1219 3079 terri
1240 3041 1291 3079 non
1318 3025 1414 3094 possit,
1435 3022 1511 3077 facilc
1526 3037 1554 3075 ex

402 3112 518 3179 proximo
538 3113 697 3167 antecedenti
715 3112 840 3167 uocabulo
864 3112 1004 3165 assumitur
1020 3110 1192 3178 praepositio,
1211 3113 1239 3161 ut
1256 3109 1351 3162 existat
1371 3108 1473 3172 auerti,
1493 3104 1554 3177 quod

402 3200 429 3248 et
447 3199 607 3265 aptissimum
625 3202 665 3251 est
683 3214 713 3252 ac
730 3194 864 3267 proprium
882 3196 947 3250 adeo
966 3197 997 3249 de
1015 3210 1055 3267 eo,
1072 3194 1141 3263 quod
1158 3210 1191 3247 ex
1208 3195 1311 3263 publico
1326 3195 1443 3263 eripitur,
1460 3196 1487 3249 ct
1502 3206 1554 3247 cun

346 3278 349 3285 “
401 3286 551 3351 corruptum
568 3283 659 3336 leviter
683 3287 768 3348 esset,
792 3299 823 3337 eo
847 3282 915 3350 quod
933 3282 1014 3335 cuiuis
1031 3280 1058 3332 in
1085 3283 1195 3334 mentun
1214 3280 1311 3333 renuet
1336 3278 1467 3333 vescendi
1482 3277 1553 3333 sorbo

401 3366 495 3417 mutari
514 3367 630 3433 potuisse
648 3371 763 3435 apparet
790 3366 935 3435 Eademque
954 3366 1106 3419 auctoritate
1123 3364 1194 3419 ducti
1211 3365 1360 3434 scripsimus
1378 3371 1484 3418 nostra
1500 3367 1554 3417 eto

401 3448 482 3512 notia
500 3465 553 3503 non
570 3458 670 3505 oestrus
687 3457 714 3506 et
732 3452 855 3517 abactis,
873 3458 902 3506 ut
914 3468 979 3523 quae
990 3451 1084 3505 damna
1101 3451 1179 3505 iaciat
1195 3465 1256 3519 pop.
1275 3451 1458 3515 Romanaque
1473 3464 1554 3504 mun

361 3552 374 3577 ι
401 3537 579 3602 communicet,
597 3538 629 3592 ci.
648 3554 728 3606 supra
745 3540 812 3605 545,
830 3544 884 3592 tum
903 3539 1024 3604 alienari,
1042 3538 1074 3592 cf.
1093 3536 1157 3604 533.
1186 3538 1377 3593 Sententiarum
1395 3542 1481 3599 autem
1492 3552 1555 3593 com·

401 3623 554 3691 positionem
571 3625 655 3679 minus
674 3626 699 3681 h.
713 3626 729 3680 l.
749 3627 781 3680 ab
798 3627 981 3697 interpretibus
997 3624 1154 3679 intellectam
1170 3639 1228 3677 esse
1244 3623 1327 3676 video.
1356 3623 1405 3677 Illa
1421 3622 1555 3695 vectualia

402 3707 488 3762 locare
505 3728 632 3780 nusquam
650 3712 709 3766 licet
720 3714 833 3783 protasis
850 3714 934 3767 locum
953 3715 1078 3779 obtinent,
1094 3714 1158 3766 hacc
1170 3713 1256 3765 averti
1271 3718 1371 3764 vescas
1389 3728 1432 3764 rec
1450 3740 1485 3750 -
1502 3711 1555 3765 licc-

402 3793 440 3847 tit
458 3797 585 3865 apodosin
602 3801 761 3854 constituunt
778 3804 930 3870 poteratque
948 3802 1025 3855 etiam
1049 3800 1086 3854 sic
1107 3798 1203 3851 dicere:
1228 3795 1291 3851 Com
1313 3797 1399 3854 locare
1420 3796 1556 3869 uectigalis

400 3898 528 3965 nusquam
546 3885 631 3949 liceat,
648 3887 734 3940 everti
749 3895 850 3941 vescas
867 3904 910 3941 res
928 3887 1032 3942 licebit?
1059 3886 1173 3954 Itemque
1190 3900 1256 3953 quae
1272 3886 1442 3954 insequuntur
1459 3888 1555 3939 senmu-

393 3969 452 4022 ·tiae
471 3969 596 4025 formatae
614 3978 688 4029 sunt:
707 3974 736 4027 L.
747 3973 824 4028 Sallu
841 3975 971 4029 vendidit.-
988 3973 1069 4027 Xciri
1085 4000 1118 4011 -
1135 3970 1245 4025 ocrcdent
1261 3971 1278 4024 i.
1291 3987 1314 4025 e.
1330 3988 1387 4024 cum
1405 3969 1484 4025 Sallu
1502 3986 1555 4025 vet·

400 4053 506 4120 diderit,
523 4054 605 4112 Xviri
619 4061 748 4115 ccatleutt
978 4057 983 4063 ’

485 4141 527 4197 56.
546 4141 576 4195 L.
594 4141 671 4197 Sulla
689 4162 746 4199 οιττη
764 4143 829 4200 mco
851 4173 885 4184 -
903 4146 1032 4201 vendent.
1066 4146 1104 4201 Cf.
1125 4147 1153 4200 in
1170 4146 1244 4202 Verr.
1261 4145 1311 4212 111,
1327 4144 1371 4211 35,
1388 4144 1420 4199 81
1440 4144 1470 4200 L.
1488 4140 1556 4201 sula

401 4238 500 4285 matum
518 4230 601 4282 animi
619 4228 709 4284 tabuit
725 4231 762 4285 ad
778 4232 925 4296 eudociam,
942 4238 973 4285 at
989 4231 1074 4285 dicere
1091 4232 1120 4285 iu
1137 4231 1254 4285 contione
1271 4247 1322 4283 aon
1339 4228 1555 4295 deciaratum

401 4319 498 4372 ητύττττη
515 4316 691 4371 Βοτηαηητηττη
708 4335 766 4371 curn
783 4319 912 4384 vendent,
930 4335 956 4373 se
969 4318 1100 4388 praedam
1117 4334 1191 4371 τττατη
1208 4316 1330 4382 vendere3
1347 4314 1431 4370 dooli.
1441 4315 1474 4381 Il,
1491 4314 1555 4381 8,ἳῖ

399 4403 452 4458 Est
469 4404 537 4457 enim
554 4420 633 4457 ouans
651 4404 737 4459 dicae
754 4405 830 4459 lausto
842 4406 934 4476 posito
956 4422 1014 4459 cam
1035 4403 1101 4459 boae
1118 4405 1147 4459 iu
1162 4403 1226 4475 soro
1247 4404 1369 4459 venderet
1389 4410 1416 4458 et
1436 4403 1555 4459 ὂοηηττηη

401 4489 497 4543 muium
516 4496 542 4543 et
563 4489 727 4559 locupletium
749 4498 774 4544 et
796 4498 864 4545 certe
887 4491 995 4555 οτύτῗητη,
1014 4490 1144 4561 praedam
1164 4507 1191 4545 se
1213 4508 1287 4545 soum
1308 4490 1425 4544 vendat.
1468 4490 1556 4559 ltaque

401 4576 564 4630 indaaaotoa
588 4576 704 4647 intellige
721 4577 819 4632 indicta
841 4593 920 4633 causa
942 4581 1101 4649 proscriptos
1117 4583 1145 4633 et
1163 4578 1297 4647 saccetum
1320 4576 1556 4649 auctionemque

400 4663 543 4719 occisorum
561 4667 661 4721 tantum
678 4664 747 4721 bona
764 4667 894 4721 venibant
911 4693 946 4705 -
962 4684 1015 4721 aaa
1031 4665 1106 4721 medo
1122 4681 1154 4720 ae
1171 4663 1243 4719 volis
1260 4665 1363 4735 quidem
1379 4665 1499 4731 mittit,
1513 4662 1557 4721 aed
