3550 5492
778 587 1012 654 -114-

177 741 474 830 xvrrruduionem'
502 773 538 817 ac
559 751 762 838 potestatem?
805 752 848 816 Ut
869 770 941 816 vero
962 754 1059 814 toturn
1081 748 1203 813 ltaliam
1226 749 1292 813 suis
1314 747 1456 833 praesidiis

321 858 458 924 obsidere
492 860 584 939 atque
617 873 763 938 occuparo
784 853 933 935 cogitent,
962 873 1090 937 quaeso,
1113 851 1264 932 Quirites,
1295 850 1458 934 cognoscite

319 959 478 1026 Permittit
498 957 613 1038 Xuiris‚
636 963 673 1021 ut
692 956 728 1019 in
742 955 847 1020 omnia
861 956 1041 1041 municipia,
1061 957 1096 1021 in
1111 978 1217 1022 omnes
1231 955 1367 1021 colonias
1380 957 1460 1020 totius

321 1065 430 1130 ltaliae
452 1062 572 1129 colonos
602 1061 755 1125 deducant
783 1081 858 1145 quos
886 1059 998 1142 velint,
1026 1059 1125 1144 iisque
1152 1059 1266 1124 colonis
1294 1080 1383 1143 agros
1407 1057 1463 1123 dari
1506 1062 1508 1147 ῗ

320 1169 416 1233 iubet.
459 1166 541 1231 Num
570 1165 695 1229 obscure
723 1164 853 1229 maiores
880 1185 967 1248 opes,
1001 1185 1095 1247 quam
1126 1163 1252 1228 libertas
1282 1169 1387 1228 uestro
1410 1161 1464 1247 peti

320 1274 435 1357 potest,
457 1290 493 1334 ec
521 1268 638 1332 maiora
665 1268 819 1353 praesidia
852 1264 1062 1353 quaeruntur?
1089 1287 1166 1331 num
1193 1266 1320 1331 obscure
1347 1285 1465 1348 regnum
1505 1290 1508 1299 ·

404 1398 437 1440 lb.
450 1399 531 1448 cousus
544 1396 569 1429 -'-
583 1399 664 1438 colosta
677 1408 755 1447 agrem
768 1398 826 1438 dart.
839 1416 865 1428 -
875 1401 952 1447 potest,
966 1400 987 1437 st
999 1398 1090 1437 mutere

318 1494 412 1549 iudico.
440 1492 535 1547 Goutra
551 1494 579 1546 in
597 1493 715 1546 omnibus
733 1491 834 1560 legibus
853 1492 962 1559 agrarfis
973 1492 1022 1545 bec
1039 1492 1149 1560 primum
1167 1488 1268 1543 definiri
1279 1490 1466 1560 videmusquot

319 1582 435 1636 coloniae
453 1579 618 1633 deducendae
636 1579 697 1643 sint,
716 1579 823 1631 alterum
841 1581 882 1632 est
898 1578 931 1631 de
947 1579 1013 1642 loco,
1031 1579 1074 1648 qui
1091 1579 1115 1631 si
1132 1593 1183 1632 nou
1201 1576 1329 1642 definitur,
1346 1581 1414 1632 certe
1429 1594 1466 1631 eur

319 1669 431 1739 eligatur
448 1671 475 1723 et
492 1684 569 1737 quam
586 1667 620 1721 od
638 1667 767 1736 regionem
785 1665 919 1720 tutandam
939 1665 1040 1728 dicitur,
1059 1665 1162 1718 tertium
1178 1669 1220 1717 est
1236 1663 1267 1716 de
1286 1680 1392 1718 numero
1410 1664 1466 1718 culo

318 1771 416 1809 norum.
452 1754 625 1821 Similiterque
643 1751 804 1806 scribendum
823 1757 863 1804 est
881 1754 945 1805 orat.
964 1750 984 1814 Ι,
1003 1750 1027 1812 5,
1048 1749 1087 1802 16.
1505 1814 1508 1829 ⁴

405 1839 446 1894 75.
469 1837 504 1892 Ut
519 1856 580 1892 uero
599 1869 632 1878 -
658 1839 777 1908 copiteut.
818 1836 877 1892 Ndn
895 1839 959 1891 satis
976 1837 1052 1890 Rullo
1075 1837 1179 1906 eiusque
1201 1837 1277 1891 sociis
1300 1853 1360 1891 esse
1377 1837 1424 1901 ait,
1444 1841 1466 1889 ut

318 1930 401 1998 ipsam
422 1927 511 1980 urbem
535 1926 671 1979 obsideant
693 1925 866 1994 populumque
888 1925 1033 1978 Romanum
1052 1924 1087 1975 iu
1110 1923 1233 1977 dicionem
1254 1939 1328 1977 suam
1350 1923 1466 1994 redigent

316 2015 379 2068 Plus
398 2015 522 2082 spectant,
540 2014 620 2064 totam
637 2011 738 2064 ltaliam
756 2009 906 2078 occupaturi
925 2011 992 2062 sunt.
1029 2007 1112 2072 Quare
1131 2024 1188 2061 cum
1205 2009 1299 2061 minori
1316 2009 1354 2061 rei
1372 2009 1467 2062 adiiciat

317 2099 449 2160 maiorem,
465 2094 598 2163 proprium
617 2109 691 2161 suum
709 2093 796 2146 locum
813 2091 891 2145 habet
907 2108 969 2146 vero
986 2091 1125 2160 eademque
1147 2092 1275 2159 particula
1291 2093 1319 2145 in
1342 2093 1430 2147 eadem
1444 2108 1468 2145 re

316 2185 398 2237 utitur
407 2184 470 2235 eret
488 2180 598 2245 1,e,17.
635 2181 763 2248 Perpetuo
781 2183 867 2233 autem
885 2181 967 2234 oratio
984 2179 1052 2232 inter
1068 2178 1172 2231 Rullum
1189 2182 1215 2231 et
1231 2179 1299 2233 inter
1316 2181 1403 2249 socios
1420 2179 1467 2233 eius

316 2268 464 2336 Xuirosque
481 2268 573 2332 ramat,
590 2270 620 2320 ιιι
637 2267 763 2336 pluralem
782 2267 907 2336 cogitent,
926 2283 1000 2336 quern
1018 2266 1133 2319 codicum
1151 2267 1289 2319 auctoritas
1306 2265 1468 2329 commendet,

316 2355 430 2423 recipere
453 2367 505 2405 non
528 2351 674 2405 dubitarim.
698 2380 731 2389 -
755 2350 889 2404 Permittit
905 2351 998 2404 Xuirie
1015 2354 1062 2405 cet
1102 2351 1163 2419 Ipsa
1184 2351 1250 2420 legis
1267 2351 1348 2404 rerba
1365 2351 1427 2405 citat
1445 2351 1468 2403 iu

316 2442 432 2497 oratione
454 2439 538 2509 prima
555 2439 569 2504 ξ
588 2439 634 2492 17ι
663 2438 735 2502 Quae
758 2439 787 2491 iu
807 2439 953 2508 anuuimpe'e
976 2453 1089 2506 quasque
1111 2438 1140 2489 iu
1163 2437 1278 2491 colonius
1296 2437 1379 2491 Xuiri
1397 2436 1470 2490 vetiti

317 2528 447 2581 dducam
463 2526 565 2579 caleam
580 2543 642 2594 quoe
658 2526 740 2579 velint
757 2531 783 2579 et
798 2526 833 2579 iis
851 2542 929 2594 agros
946 2525 1082 2594 assignent
1091 2541 1154 2592 quos
1164 2524 1252 2588 uelint,
1269 2524 1342 2585 unde
1349 2522 1469 2593 pluralem

318 2630 404 2682 apros,
413 2628 489 2682 quem
499 2612 715 2682 praestantissimi
724 2611 824 2680 codices
832 2614 944 2676 tuentur,
955 2611 1047 2680 reipsa
1056 2612 1160 2679 probari
1170 2614 1286 2680 apparet
1295 2638 1330 2648 -·-
1339 2608 1412 2662 Num
1419 2624 1469 2661 erm

318 2698 397 2752 iidem
406 2726 439 2736 -
448 2697 628 2765 reliuqueturi
638 2697 667 2751 In
677 2696 809 2750 codicibus
818 2697 920 2749 initium
928 2684 1006 2754 huius
1019 2694 1069 2748 loci
1084 2696 1122 2748 sic
1136 2695 1230 2763 legitur
1240 2695 1360 2748 sineulla
1369 2694 1469 2749 notabili

319 2784 502 2853 discrepantia:
520 2782 658 2837 Nemeum
675 2783 753 2835 iidem
762 2773 1161 2851 monempecuuicm,mactmom
1178 2781 1377 2845 multitudim,
1395 2781 1425 2834 tu
1438 2785 1470 2833 eet

319 2877 397 2925 totum
408 2868 515 2922 ltaliam
524 2869 578 2921 suis
596 2867 686 2938 opibus
701 2866 856 2931 obsidebunt,
868 2882 933 2935 quae
944 2867 993 2919 etsi
1005 2865 1139 2919 ediderunt
1149 2866 1186 2918 ita
1196 2866 1319 2932 nonnulli,
1334 2868 1379 2936 qui
1391 2872 1469 2921 tssueu

318 2955 449 3009 commode
462 2953 572 3022 intelligi
587 2953 839 3022 persecuistimaret
855 2952 967 3006 nondum
981 2952 1067 3005 inveni
1076 2967 1234 3021 quemquem.
1253 2950 1292 3005 Ac
1301 2954 1414 3021 primum
1422 2952 1469 3022 qui·

318 3041 482 3095 demlteliem
491 3039 633 3108 apparebat
641 3054 718 3108 posse
727 3038 848 3102 obsideri,
858 3039 992 3107 pecuniam
1002 3043 1028 3091 et
1037 3037 1224 3091 multitudinem
1236 3053 1287 3091 non
1297 3052 1387 3105 posse:
1398 3052 1470 3108 quare

317 3127 413 3196 partim
429 3139 536 3193 zeugma
552 3125 639 3177 nescio
656 3124 725 3192 qnod
741 3139 798 3178 esse
816 3127 970 3188 statuerunt,
987 3124 1062 3192 quale
1080 3124 1234 3177 fortasssis
1252 3124 1336 3176 Taoib'
1359 3125 1469 3178 credone

318 3211 457 3278 reperitur,
474 3209 543 3278 apud
561 3209 710 3263 Ciceronem
733 3210 865 3263 ferrinon
883 3225 962 3278 posse
980 3210 1125 3275 credemus,
1151 3211 1246 3279 partim
1268 3209 1303 3261 ad
1323 3210 1390 3263 illud
1408 3207 1469 3279 quod

319 3295 455 3349 admodum
472 3295 598 3348 lubricum
618 3300 658 3348 est
675 3311 706 3348 ac
722 3311 769 3364 pro
787 3290 902 3349 ertiemo
922 3296 996 3364 quasi
1013 3297 1117 3365 reliquis
1130 3295 1206 3349 rebus
1225 3295 1369 3364 desperatis
1381 3294 1470 3348 baben·

319 3380 379 3433 dum
396 3382 444 3444 est,
463 3379 586 3432 auxilium
604 3379 800 3447 descenderunt,
817 3385 846 3435 ut
857 3382 965 3435 verbum
983 3383 1109 3437 excidisse
1121 3385 1255 3453 putarent,
1266 3381 1470 3450 scripseruntque

319 3480 416 3518 munem
434 3465 588 3534 pecuniam,
611 3467 750 3520 mucimom
773 3467 963 3521 multitudinem
986 3467 1138 3523 obtinebunt.
1174 3469 1333 3537 Quamquam
1356 3468 1384 3522 bl
1401 3463 1470 3521 simu

318 3553 382 3608 illud
399 3552 429 3607 cil
444 3560 485 3607 eet
499 3553 590 3607 tollere
608 3555 766 3622 cogebantur
783 3571 829 3608 nec
847 3554 959 3609 difficilis
976 3555 1112 3609 videbatur
1128 3570 1185 3609 esse
1197 3555 1352 3620 coniectura,
1369 3558 1399 3608 ιιι
1415 3552 1470 3607 scri·

318 3641 422 3694 beretur
437 3655 485 3708 pro
503 3655 534 3694 eo
551 3641 638 3703 lietera,
655 3641 864 3710 repetitionisque
881 3639 964 3709 figura
975 3642 1116 3695 constituta
1133 3645 1173 3695 ter·
1191 3656 1332 3710 pronomen
1351 3641 1385 3694 ab
1402 3639 1469 3693 initio

318 3727 489 3779 membrorum
506 3725 645 3781 efferretur.
673 3727 717 3780 Sic
733 3727 796 3782 haec
813 3728 993 3793 nascebantur,
1012 3744 1077 3796 qnae
1094 3727 1270 3781 recentissima
1287 3726 1368 3782 editio
1384 3727 1469 3781 babet:

319 3810 390 3865 Num
407 3828 465 3864 cum
481 3810 559 3864 tidem
576 3826 675 3864 munem
687 3811 835 3880 pecuniam,
847 3811 994 3864 ,mutuam
1009 3812 1199 3865 multitudinem
1221 3810 1470 3877 obumbrantibus

320 3904 399 3952 totam
415 3897 524 3950 Italiam
544 3896 598 3949 suia
619 3896 709 3966 opttus
731 3896 886 3951 obsidebunt.
929 3897 960 3950 In
982 3898 1075 3966 quibus
1098 3899 1209 3966 primum
1232 3897 1364 3966 pecuniae·
1380 3896 1471 3951 mentio

319 3984 394 4037 valde
414 3983 541 4051 displicet
580 3981 699 4036 Absolvit
724 3984 792 4036 enim
818 3982 915 4036 dudum
938 3982 1139 4051 disputationem
1162 3983 1194 4036 de
1215 3984 1324 4052 pecnnia
1347 3982 1469 4052 cogenda:

318 4073 419 4138 emptos
436 4069 487 4121 iam
505 4083 536 4121 ea
553 4069 646 4121 statuit
665 4084 723 4122 esse
741 4084 817 4139 agros
834 4069 999 4137 coloniasque
1017 4069 1148 4134 deductas,
1167 4084 1214 4122 cur
1233 4070 1319 4123 subito
1337 4070 1372 4123 ad
1387 4071 1471 4138 priora

318 4154 422 4209 redeat?
456 4151 508 4205 Sed
525 4151 637 4205 teramus
655 4153 713 4219 hoc,
731 4152 800 4222 quod
817 4153 879 4206 ferri
896 4168 949 4206 non
967 4152 1055 4217 debet,
1078 4169 1154 4222 quam
1175 4153 1366 4208 multitudinem
1382 4153 1471 4207 intelli·

319 4245 427 4309 gamus?
460 4239 639 4303 Hominumue‚
660 4255 726 4308 quae
743 4238 788 4293 ubi
804 4241 878 4293 cuius
901 4240 939 4293 rei
956 4240 992 4294 sit
1013 4256 1065 4293 non
1089 4241 1219 4306 adiicitur,
1242 4241 1300 4294 sola
1321 4238 1471 4310 significatio

318 4330 376 4381 est?
409 4325 445 4378 At
465 4325 596 4380 bominum
618 4325 808 4381 multitudinem
830 4327 945 4381 obtinere
962 4327 1024 4396 quid
1045 4331 1102 4380 est?
1136 4327 1178 4381 An
1204 4329 1277 4381 cuius
1306 4327 1412 4380 modern
1429 4326 1471 4388 rei,

317 4428 383 4481 quae
400 4427 449 4465 nec
464 4412 594 4465 nominata
610 4416 651 4466 est
668 4429 716 4467 nec
733 4414 845 4481 cogitari
862 4417 965 4482 potest?
1000 4415 1154 4468 Praestabat
1169 4415 1295 4484 proiecto,
1312 4413 1339 4466 id
1358 4412 1427 4482 quod
1443 4412 1470 4465 Ρ.

317 4497 420 4552 Klotzio
437 4497 543 4565 placuit,
569 4500 651 4553 toturn
673 4499 758 4555 locum
779 4501 903 4554 intactum
930 4501 1072 4570 relinquere
1084 4517 1172 4570 quam
1196 4501 1308 4555 violente
1326 4501 1471 4555 coniectura

318 4582 432 4639 admissa
448 4599 479 4638 ea
496 4585 604 4650 efficere,
622 4601 688 4665 quae
705 4589 791 4641 temen
808 4587 919 4654 intelligi
937 4589 1080 4657 nequirent.
1106 4587 1161 4641 Nos
1183 4587 1285 4656 quidem
1304 4587 1337 4640 ab
1354 4585 1396 4639 bis
1414 4585 1472 4639 dua·

317 4669 375 4736 bus,
392 4685 455 4741 quus
473 4670 597 4736 diximus,
614 4670 692 4725 rebus
709 4671 909 4742 prolielseimur,
925 4674 1037 4742 primum
1054 4673 1243 4728 multitudinem
1266 4673 1318 4727 dici
1335 4672 1470 4734 bonurn,
