3550 5492
768 573 1085 669 Ι.--16-

400 758 513 802 nomen
541 735 635 800 huius
662 735 876 821 reipublicae,
890 737 993 801 sedem
1014 737 1100 801 urbis
1134 743 1226 822 atque
1260 739 1395 824 imperii,
1423 739 1557 828 denique

400 838 456 901 hoc
482 837 634 922 templum
660 838 740 902 lovis
766 839 878 927 optimi.
904 838 1033 913 maximi,
1060 846 1152 923 atque
1180 840 1259 904 hano
1287 862 1386 907 arcem
1416 845 1556 909 omniurn

401 941 539 1024 gentium
562 940 731 1026 displicere.
765 940 901 1024 Capuam
926 940 1034 1004 deduci
1056 940 1176 1011 colonos
1198 943 1322 1007 volunt:
1345 944 1433 1010 illam
1447 947 1556 1010 urbem

400 1043 473 1106 huic
497 1042 566 1105 urbi
587 1063 693 1106 rursus
709 1063 869 1126 opponere,
893 1042 966 1106 illuc
983 1063 1053 1127 opes
1076 1064 1148 1108 suas
1164 1043 1279 1108 deferre
1302 1052 1334 1110 et
1353 1047 1481 1135 imperii
1503 1072 1555 1115 no·

401 1167 472 1209 men
494 1145 657 1209 transferre
679 1144 824 1225 cogitant.
874 1143 933 1219 Qui
962 1143 1047 1209 locus
1069 1152 1192 1230 propter
1215 1147 1387 1213 ubertatem
1414 1172 1556 1235 agrorum

401 1249 684 1332 abundantiamque
706 1268 809 1311 rerum
841 1247 982 1311 omnium
1014 1249 1190 1334 superbiam
1217 1255 1248 1313 et
1269 1251 1484 1319 crudelitatem
1507 1259 1556 1340 gess

402 1353 506 1416 nuisse
529 1352 651 1434 dicitur,
672 1352 715 1416 ibi
736 1352 832 1417 nostri
853 1352 952 1417 coloni
974 1352 1083 1418 delecti
1104 1353 1143 1417 ad
1165 1376 1254 1418 omne
1277 1356 1395 1422 facinus
1418 1341 1555 1424 aXviris

400 1454 637 1519 collocabuntur.
682 1455 731 1535 Et,
754 1455 857 1536 credo,
879 1477 941 1540 qua
962 1455 996 1519 in
1018 1457 1093 1520 urbe
1115 1455 1255 1539 homines
1277 1458 1311 1522 in
1332 1461 1555 1546 veteri-digni-

368 1556 370 1559 ’
400 1563 463 1622 tate
485 1560 667 1641 fortunaque
689 1557 755 1621 nati
778 1542 898 1642 copiam
919 1580 1021 1622 rerum
1033 1560 1187 1624 moderate
1202 1562 1279 1624 ferre
1295 1584 1356 1626 non
1377 1571 1555 1649 potuerunt,

399 1663 433 1727 in
455 1684 492 1725 ea
512 1662 565 1727 isti
584 1662 679 1726 vestrl
701 1661 848 1726 satellites
863 1664 994 1728 modesti
1015 1665 1210 1729 insolentiam
1232 1689 1320 1731 suam
1342 1668 1555 1735 continebunt.

358 1772 389 1823 19
399 1766 529 1830 Maiores
552 1764 649 1829 nostri
663 1763 769 1849 Capua
790 1765 1000 1848 magistratus
1025 1772 1176 1850 senatum,
1199 1769 1361 1834 eonsilium
1383 1791 1555 1855 commune,

400 1867 504 1931 omnia
517 1866 650 1950 denique
664 1864 800 1948 insignia
814 1866 1000 1951 reipublicae
1020 1868 1222 1952 sustulerunt,
1246 1887 1345 1957 neque
1361 1873 1447 1937 aliud
1469 1876 1556 1959 quic-

399 1991 493 2053 quam
504 1968 566 2033 nisi
577 1968 670 2033 inane
685 1988 797 2032 nomen
808 1967 931 2053 Capuae
943 1969 1142 2054 reliquerunt,
1156 1992 1218 2035 non
1230 1973 1409 2038 crudelitate
1422 2013 1464 2022 —
1481 1977 1556 2061 quid

401 2073 569 2149 enimillis
591 2074 651 2137 fuit
664 2073 856 2156 clementius,
879 2074 933 2158 qui
956 2074 1049 2138 etiarn
1072 2076 1206 2140 externis
1229 2077 1367 2142 hostibus
1383 2078 1475 2144 victis
1500 2103 1556 2146 sua

399 2177 578 2261 saepissime
600 2174 818 2240 reddiderunt?
845 2213 886 2222 —
915 2175 969 2240 sed
991 2176 1132 2258 consilio,
1156 2178 1237 2263 quod
1258 2179 1419 2262 videbant,
1444 2182 1554 2267 siquod

397 2280 583 2364 reipublicae
605 2279 770 2362 vestigium
797 2279 861 2343 illis
882 2280 1043 2344 moenibus
1066 2281 1288 2365 contineretur,
1316 2285 1425 2348 urbem
1454 2285 1556 2371 ipsam

338 2367 341 2376 ⁵
398 2383 526 2467 imperio
548 2380 739 2447 domicilium
761 2382 905 2472 praebere
926 2404 1029 2468 posse:
1052 2403 1106 2446 vos
1122 2383 1205 2466 haec,
1232 2385 1295 2451 nisi
1316 2393 1451 2451 evertere
1474 2384 1563 2453 remss

492 2547 522 2586 18.
536 2549 637 2587 satellites
650 2550 747 2586 modeste.
762 2567 786 2576 —
799 2546 831 2586 19.
843 2547 959 2594 quidquam
971 2547 994 2586 ca
1008 2547 1060 2585 urbe
1073 2548 1121 2587 utet
1134 2568 1160 2576 -
1172 2549 1218 2588 illia
1233 2548 1296 2599 [suit]
1307 2533 1435 2592 clementius.
1448 2574 1473 2581 —
1511 2545 1515 2592 .'

399 2691 500 2744 quoque
519 2676 667 2728 adverbium
685 2691 742 2728 esse
760 2678 869 2744 oportet.
905 2675 971 2727 Nam
989 2676 1033 2743 qui
1050 2677 1162 2730 eontinet
1186 2666 1270 2744 eiqui
1287 2678 1417 2732 moderate
1435 2696 1488 2734 non
1507 2683 1556 2736 fert

288 2769 292 2777 '
401 2763 547 2831 opponitur.
578 2762 661 2825 Quare
679 2762 810 2815 modestos
827 2761 952 2814 satellites
965 2760 1136 2831 intelligemus
1155 2779 1213 2817 cum
1225 2765 1388 2818 simulatione
1406 2765 1491 2820 dictos
1509 2785 1555 2836 pro

400 2848 565 2912 immodestis,
583 2848 720 2914 effrenatis,
738 2864 803 2916 quos
821 2849 877 2916 ipse
896 2848 933 2899 od
949 2865 1021 2901 omae
1036 2848 1146 2916 focium
1164 2849 1273 2903 delectos
1291 2851 1437 2920 appellavit.
1472 2853 1554 2908 Paule

398 2937 458 2987 ante
476 2935 589 2987 omniurn
607 2934 723 2988 codicum
741 2935 883 2987 auctoritas
907 2936 992 2987 tuetur
1008 2936 1102 2998 aeteri,
1130 2935 1198 3003 qnod
1224 2952 1282 2988 cum
1307 2938 1389 3004 magis
1407 2937 1554 2993 Tullianum

396 3021 430 3071 sit
446 3026 538 3083 vetere,
557 3036 608 3073 non
625 3036 731 3088 prorsus
748 3023 835 3073 tamen
847 3021 1059 3073 contemnendum
1071 3036 1127 3074 esse
1140 3021 1251 3074 diximm
1263 3022 1296 3073 ad
1306 3021 1358 3076 Cic.
1368 3040 1393 3091 p.
1403 3024 1466 3076 Mur.
1477 3024 1503 3089 8,
1516 3026 1553 3079 17.

363 3086 375 3112 ⁸
483 3108 522 3160 19.
549 3107 684 3159 consilium
710 3123 839 3159 commane
856 3107 873 3159 i.
891 3122 914 3160 e.
929 3104 1062 3174 publicam
1088 3107 1231 3170 consiliam,
1257 3110 1286 3158 ut
1303 3107 1336 3159 de
1353 3110 1441 3162 eadem
1464 3109 1554 3183 Capua

395 3193 457 3245 dicit
475 3196 538 3246 orat.
556 3193 593 3257 ll,
611 3192 661 3256 32,
679 3192 722 3256 88,
739 3193 773 3244 ad
798 3195 872 3261 quem
895 3192 981 3244 locum
1004 3192 1079 3260 plura
1097 3191 1128 3243 de
1155 3192 1306 3256 seueritate,
1333 3209 1383 3262 qua
1399 3195 1512 3259 Romani
1528 3198 1554 3249 in

395 3277 524 3346 punienda
542 3277 630 3346 Capua
652 3278 692 3331 usi
715 3277 788 3342 sunt,
810 3277 928 3329 diximus.
973 3276 1063 3329 Potest
1090 3278 1174 3329 autem
1192 3277 1216 3331 h.
1234 3277 1252 3330 l.
1275 3278 1370 3331 co'dieis
1387 3280 1553 3347 EriurtensiS,

395 3364 436 3416 cui
463 3364 546 3416 adhuc
564 3364 673 3418 editores
693 3364 834 3435 plurimum¹
852 3362 913 3415 fidei
935 3363 1029 3415 habere
1051 3362 1176 3426 solebant,
1194 3365 1285 3415 natura
1304 3367 1432 3432 cognosci.
1467 3353 1554 3421 Habet

395 3451 461 3503 enirn
479 3451 589 3518 primum
613 3467 694 3518 neque
716 3451 792 3503 aliud
807 3450 944 3524 quicquam
962 3450 990 3500 ia
1007 3448 1068 3501 urbe
1090 3478 1124 3485 —
1145 3449 1315 3517 reliquerant,
1339 3451 1383 3502 ubi
1402 3451 1466 3502 illud
1485 3454 1553 3521 quod

395 3538 435 3587 est
458 3536 486 3586 iu
508 3535 570 3588 arbe
587 3537 644 3613 quis
667 3553 719 3590 non
740 3536 809 3589 ridet
826 3534 1016 3604 interpretandi
1040 3526 1117 3587 causa
1140 3535 1172 3586 ab
1200 3534 1304 3588 librario
1327 3549 1383 3586 esse
1407 3534 1552 3592 adiectum?

395 3619 467 3681 Adeo
487 3625 512 3674 et
532 3622 564 3673 ad
582 3623 735 3674 sententiam
753 3621 843 3675 inutile
861 3624 901 3673 est
918 3636 966 3673 nec
982 3620 1028 3684 iis,
1047 3635 1117 3687 quae.
1129 3620 1156 3671 in
1174 3622 1237 3672 orat.
1255 3619 1287 3684 11,
1305 3619 1351 3683 32,
1370 3619 1403 3673 88
1422 3627 1490 3688 suot,
1511 3622 1551 3679 de‘-

393 3705 512 3760 fonditur.
551 3707 650 3760 Deinde
672 3707 739 3760 idern
764 3707 859 3760 omittit
875 3706 941 3781 fuit,
967 3705 1035 3773 quod
1054 3706 1144 3758 abesse
1166 3721 1217 3758 non
1234 3721 1312 3773 posse
1335 3722 1397 3760 usus
1415 3707 1550 3764 Tullianus

394 3790 477 3844 docet.
521 3793 636 3863 Denique
660 3787 801 3862 corrumpit
823 3793 976 3845 sententiam
989 3791 1060 3845 dalea
1076 3793 1210 3845 verborum
1235 3791 1402 3846 collocatione
1426 3794 1549 3851 exhibens

329 3859 333 3868 ⁴
393 3876 506 3930 hostibus
524 3880 644 3933 exterma.
680 3879 806 3932 Dicuntur
823 3879 890 3931 enim
908 3879 995 3932 hostes
1013 3881 1085 3931 extra
1102 3878 1216 3943 Italiam,
1235 3878 1328 3948 quibus
1346 3880 1421 3932 victis
1439 3881 1550 3937 Romani

393 3953 543 4031 saepissime
561 3953 657 4033 oppida
675 3980 813 4034 agrosque,
836 3980 901 4032 quae
923 3965 978 4017 iure
996 3964 1118 4017 victoriae
1136 3968 1270 4033 ceperant,
1289 3966 1445 4033 possidenda
1462 3970 1548 4023 tamen

393 4049 559 4104 reddiderunt
575 4051 618 4115 (ci.
637 4051 671 4103 ad
689 4055 752 4104 orat.
771 4050 865 4114 11,·21,
883 4050 917 4104 57
935 4050 966 4101 de
986 4065 1047 4119 agro
1065 4050 1180 4103 censorio
1198 4050 1320 4116 Siciliae),
1342 4053 1434 4106 nedum
1451 4054 1548 4108 Italicis

394 4137 513 4203 gentibus
540 4137 616 4189 vietis
645 4151 696 4189 non
719 4137 854 4189 rideantur
880 4137 966 4189 omnia
992 4153 1056 4206 quae
1079 4139 1135 4190 tuto
1159 4138 1274 4203 liceret,
1288 4139 1367 4192 luisse
1394 4142 1548 4193 concessuri.

392 4220 481 4273 Omnis
498 4222 578 4291 igitur
594 4223 634 4274 ris
652 4223 680 4274 in
697 4221 823 4274 adiectivo
842 4225 895 4287 est,
914 4222 981 4290 quod
999 4223 1152 4292 praecedere
1169 4225 1256 4293 utique
1275 4228 1383 4293 oportet.
1405 4213 1450 4262 -’
1461 4226 1548 4280 urbem

393 4306 486 4375 ipsura,
503 4308 599 4375 quippe
616 4324 681 4376 quae
699 4323 751 4361 non
768 4308 844 4362 modo
862 4309 920 4378 ipsa
938 4311 1068 4364 amoenior
1079 4313 1148 4364 esset
1167 4327 1196 4364 ac
1214 4312 1304 4364 melius
1326 4311 1454 4379 descripta
1471 4328 1547 4380 quarn

391 4391 482 4454 Roma,
494 4391 540 4443 sed
552 4392 629 4444 etiam
642 4394 712 4462 agris
724 4395 887 4449 fertilissimis
900 4396 1051 4466 oppidisque
1064 4397 1192 4466 opulentis
1206 4397 1412 4451 circumdaietur.
1427 4396 1547 4451 Pluribus

393 4490 448 4527 earn
466 4491 520 4528 rem
537 4480 671 4547 exequitur
687 4481 715 4534 in
733 4486 797 4535 orat.
817 4482 908 4548 11,35.
938 4483 1019 4536 Paulo
1036 4487 1098 4553 post
1115 4484 1254 4538 delevimus
1275 4483 1390 4537 dativum
1407 4480 1486 4547 vobis,
1504 4484 1548 4553 qui

390 4561 417 4696 ἔῃ
442 4562 559 4699 egenibus
581 4570 683 4633 praeter
700 4567 762 4637 Lag.
787 4571 803 4622 9
826 4570 958 4623 codicibus
982 4570 1042 4622 addi
1064 4571 1143 4634 solet,
1170 4573 1213 4637 qui
1234 4570 1279 4622 rix
1297 4587 1312 4621 a
1330 4584 1458 4638 quoquam
1482 4568 1547 4622 desi

402 4660 450 4705 ,era
468 4647 526 4704 itur.
