3550 5492
779 631 1074 692 >-c-

398 817 448 859 me
472 793 601 857 indicati
623 797 711 856 sunt:
739 811 823 854 nunc
849 792 913 854 iam
936 791 1050 876 seipsi
1073 792 1264 856 indicabunt.
1313 792 1425 856 iubent
1456 790 1559 858 venire

399 919 487 981 agros
515 894 724 960 Attalensium
754 899 846 978 atque
875 894 1101 979 Olympiorum:
1135 897 1189 960 hos
1217 896 1328 980 populo
1355 897 1501 960 Romano
1528 897 1558 960 P.

399 999 534 1079 Seruilii,
557 994 716 1060 fortissimi
738 994 807 1074 viri,
830 995 959 1060 victoria
981 996 1137 1060 adiunxit:
1160 997 1270 1060 deinde
1292 1015 1380 1080 agros
1402 998 1438 1061 in
1461 999 1559 1063 Mace

297 1083 299 1087 Α
399 1101 492 1166 donia
512 1100 621 1183 regios,
638 1098 692 1183 qui
707 1098 821 1183 partim
836 1099 872 1164 T.
886 1099 1065 1182 Flaminini,
1083 1101 1197 1186 partim
1208 1102 1241 1165 L.
1254 1102 1353 1180 Pauli,
1375 1103 1430 1186 qui
1443 1103 1558 1169 Persen

398 1203 483 1284 vicit,
507 1203 620 1266 virtute
642 1201 723 1286 parti
746 1206 834 1268 sunt:
858 1201 968 1265 deinde
991 1224 1099 1286 agrum
1121 1204 1273 1288 optimum
1295 1208 1326 1267 et
1347 1205 1558 1270 inactuosissi·

399 1328 486 1371 mum
501 1305 705 1385 Corinthium,
727 1305 782 1389 qui
804 1305 839 1369 L.
856 1305 1001 1369 Mummii
1024 1307 1152 1391 imperio
1175 1329 1210 1371 ao
1224 1307 1377 1371 felicitate
1399 1309 1439 1371 ad
1466 1310 1558 1374 vecti·

400 1409 481 1492 galia
503 1408 608 1492 populi
623 1407 756 1470 Romani
778 1405 943 1472 adiunctus
966 1414 1029 1472 eet:
1052 1415 1121 1493 post
1135 1414 1239 1473 autem
1254 1429 1341 1492 agros
1356 1410 1390 1472 in
1406 1411 1559 1496 Hispania

398 1512 479 1596 apud
492 1511 711 1593 Carthaginem
733 1531 854 1591 novam,
871 1510 1003 1575 duorum
1019 1512 1199 1598 Scipionum
1214 1514 1329 1578 eximia
1350 1514 1469 1579 virtute
1492 1537 1558 1601 pos·

398 1637 504 1681 sessos.
540 1615 622 1678 Tum
645 1615 745 1698 ipsam
766 1621 901 1679 veterem
913 1615 1131 1700 Carthaginem
1152 1618 1299 1695 vendunt,
1322 1638 1417 1700 quam
1426 1618 1463 1682 P.
1476 1619 1558 1682 Airi-

363 1706 364 1709 *
399 1740 494 1784 canus
517 1719 666 1788 nudatam
689 1719 776 1782 tectis
799 1724 891 1802 atque
914 1721 1083 1801 moenibus,
1107 1721 1170 1784 sive
1193 1721 1232 1784 ad
1248 1721 1413 1785 notandam
1429 1721 1558 1786 Cartha-

399 1820 585 1903 giniensium
609 1819 816 1883 calamitatem
838 1821 903 1884 sive
926 1822 966 1884 ad
991 1820 1213 1885 testificandam
1237 1829 1374 1886 nostram
1399 1823 1558 1888 victoriam

398 1923 463 1986 sive
497 1922 536 1985 ad
570 1922 704 1986 oblatam
732 1922 868 2007 aliquam
906 1923 1102 2006 religionem,
1136 1924 1175 1986 ad
1208 1930 1364 1988 aeternam
1395 1914 1558 1991 hominum

372 2021 577 2092 ememoriam
609 2023 807 2088 consecravit.
856 2025 921 2089 'His
954 2025 1129 2107 insignibus
1165 2030 1257 2109 atque
1290 2027 1398 2091 infulis
1434 2029 1558 2114 imperii

398 2127 542 2208 venditis,
567 2128 679 2212 quibus
701 2133 842 2193 ornatam
861 2113 952 2193 nobis
975 2128 1104 2192 maiores
1127 2128 1222 2215 nostri
1250 2131 1475 2214 rempublicam
1498 2139 1558 2198 tra-

398 2231 558 2315 diderunt,
582 2233 691 2296 iubent
712 2253 762 2297 eos
785 2220 873 2315 agros
895 2233 1016 2310 venire,
1045 2253 1120 2316 quos
1147 2254 1201 2297 rex
1223 2232 1415 2299 Mithridates
1441 2233 1479 2299 in
1501 2236 1558 2300 Pa·

398 2335 572 2419 phlagonia,
589 2336 686 2399 Ponto
699 2329 951 2419 Cappadociaque
963 2335 1139 2418 possederit.
1173 2334 1257 2398 Num
1271 2335 1396 2400 obscure
1413 2336 1559 2402 videntur

398 2427 491 2522 prope
512 2437 602 2500 hasta
628 2436 787 2520 praeconis
809 2436 954 2499 insectari
977 2435 1033 2499 Cn.
1056 2435 1195 2520 Pompeii
1221 2437 1404 2520 exercitum,
1428 2440 1485 2522 qui
1508 2462 1559 2505 vc·

400 2539 466 2602 niro
488 2538 619 2602 iubeant
640 2559 690 2602 eos
714 2538 798 2621 ipsos
821 2558 924 2620 agree,
952 2538 987 2602 in
1014 2539 1127 2622 quibus
1153 2538 1207 2606 ille
1235 2540 1413 2603 etiamnunc
1442 2542 1560 2608 bellurn

400 2649 485 2727 gerat
506 2649 598 2727 atque
624 2640 783 2706 versetur?

320 2759 389 2824 111st
484 2747 550 2811 Hoc
572 2767 643 2811 vero
665 2746 838 2811 cuiusmodi
860 2752 920 2825 est,
944 2746 1025 2831 quod
1054 2746 1120 2811 eius
1150 2749 1301 2813 auctionis
1323 2769 1417 2831 quam
1441 2751 1558 2816 consti-

487 2930 654 2980 Olympenorum
668 2917 694 2960 ἓ-
713 2931 765 2971 Yam
777 2942 827 2970 aero
840 2933 916 2980 ipsam.
931 2953 956 2961 -
970 2933 1012 2971 aiae
1026 2932 1051 2970 ob
1064 2932 1162 2971 obtutam.
1179 2953 1198 2959 -

399 3078 429 3130 in
445 3076 579 3146 Hispa-nia
593 3084 703 3146 propter
723 3075 907 3146 Carthaginem
925 3092 1031 3138 nocam,
1049 3077 1090 3128 hic
1113 3092 1190 3142 apros
1207 3076 1236 3124 in
1253 3074 1386 3143 Hispania
1404 3079 1479 3146 apud
1498 3078 1559 3151 Car·

400 3162 530 3229 tbapinem
547 3179 647 3215 nocam.
683 3162 767 3225 Quare
785 3164 929 3216 tenebimus
946 3163 971 3214 h.
989 3162 1007 3213 l.
1025 3161 1062 3212 ad
1078 3160 1189 3212 oblatam
1207 3161 1321 3232 aliquam
1338 3165 1492 3232 relrpe'oaern
1509 3168 1525 3220 i.
1538 3182 1558 3219 c.

400 3263 458 3300 cum
481 3247 569 3299 oblata
592 3250 662 3300 esset
684 3248 814 3300 dubitanti
832 3263 862 3300 ac
884 3246 1145 3313 deliberanti‘aliqua
1162 3245 1309 3315 religio,ei
1326 3253 1355 3301 ut
1372 3251 1435 3302 satis
1454 3250 1559 3316 laceret,

399 3321 561 3386 consecrarit
573 3331 760 3402 Carthaginem.
795 3334 844 3386 Hic
860 3332 1057 3400 praepositionis
1075 3347 1145 3396 usus,
1163 3339 1192 3385 ut
1208 3337 1310 3402 tempus
1328 3352 1385 3389 cum
1403 3351 1485 3390 causa
1503 3355 1559 3392 eon·

388 3420 514 3472 iunctum
532 3419 672 3489 significet,
698 3420 885 3473 increbrescere
903 3418 988 3486 coepit
1017 3417 1085 3485 apud
1103 3419 1238 3472 historicos
1255 3421 1430 3489 imprimisque
1448 3421 1559 3488 Livium,

400 3504 469 3574 apud
486 3520 562 3573 quem
580 3506 731 3574 saepissime
748 3504 902 3573 adsumam,
920 3505 957 3556 ad
972 3505 1097 3568 nuntiam,
1117 3506 1154 3557 ad
1164 3523 1253 3558 casani
1270 3506 1412 3572 similiaque
1429 3504 1559 3574 leguntur,

401 3591 448 3646 sed
464 3606 647 3660 nonnunquam
664 3593 742 3645 etiam
752 3590 841 3644 Cicero
859 3590 960 3642 ridetur
975 3590 1077 3654 habere,
1095 3594 1124 3643 ut
1141 3591 1169 3643 iu
1181 3591 1253 3643 Verr.
1265 3589 1309 3653 lV,
1324 3589 1363 3652 14,
1373 3588 1406 3642 3⁸2
1420 3591 1457 3642 ad
1473 3593 1558 3664 bospi-

401 3685 454 3746 tam
472 3679 621 3742 adventum,
638 3679 714 3746 epist.
732 3676 823 3740 111‚5‚
841 3676 857 3728 3
877 3682 903 3729 te‘
917 3675 1062 3730 Laodiceae
1074 3676 1135 3744 fore
1153 3676 1190 3728 act
1205 3692 1287 3728 ineam
1304 3675 1453 3741 adventum,-
1482 3682 1559 3749 epist.

399 3763 460 3828 XV,
475 3765 528 3828 1,4
545 3765 582 3817 ad
599 3764 667 3817 tanti
683 3763 744 3816 belli
760 3762 912 3832 opinionem.
947 3763 985 3815 De
1002 3764 1061 3832 ipsa
1078 3767 1162 3815 autem
1181 3762 1372 3836 consecratione
1382 3764 1484 3819 ,veteris
1500 3766 1559 3821 Gar·

400 3849 513 3917 thaginis
532 3851 565 3902 el.
583 3850 617 3902 ad
635 3851 698 3902 orat.
715 3847 740 3899 Il
757 3847 823 3912 §50.
1180 3855 1182 3862 '
1274 3908 1279 3916 ,
1346 3918 1349 3922 ⁴

460 3969 462 3973 -
488 3935 513 3988 6.
531 3935 623 4003 insulis
641 3934 754 4002 imperii.
774 3924 886 3987 'lululae
909 3924 1028 3988 dicuntur
1044 3949 1085 3987 res
1103 3949 1202 3998 sacrae,
1220 3927 1312 4008 quibus
1331 3935 1465 4003 imperium
1484 3941 1559 4007 quasi

401 4021 556 4089 quibusdam
582 4021 671 4073 infulis
700 4020 820 4074 sacerdos
844 4024 961 4075 ornatum
990 4025 1031 4073 est
1052 4020 1227 4087 sepertinere
1253 4021 1363 4076 maxime
1385 4021 1559 4078 videaturad

402 4122 491 4175 agrum
513 4105 750 4176 Carthaginiensem
767 4109 793 4161 in
811 4107 913 4172 Africa,
931 4122 1006 4174 quem
1024 4109 1052 4159 ut
1074 4106 1204 4159 hominum
1227 4107 1298 4161 cultu
1319 4111 1443 4178 perpetuo
1460 4108 1559 4165 vacuus

400 4195 528 4257 maneret,
546 4193 682 4246 Africanus
706 4195 817 4247 maxima
839 4194 963 4263 religione
986 4187 1132 4261 occuparat.
1167 4194 1250 4247 Rarus
1267 4198 1354 4248 tamen
1375 4195 1417 4247 hio
1439 4196 1559 4250 vocabuli

400 4293 462 4331 usus
481 4294 511 4331 aa
528 4279 611 4332 simile
626 4283 726 4334 tautum
744 4280 793 4334 hoc
810 4280 955 4348 exemplum
970 4280 1058 4331 inveni
1069 4278 1180 4333 Senecae
1198 4278 1273 4333 Cous.
1292 4280 1324 4332 ad
1342 4281 1472 4333 llelv.14:
1500 4281 1559 4335 Hae
1581 4269 1584 4275 ⁴

400 4365 503 4418 litterae
522 4366 676 4420 nendicans
694 4369 767 4436 apud
783 4367 873 4432 banea,
896 4366 943 4419 sed
962 4366 1035 4436 apud
1050 4366 1213 4419 mediocriter
1233 4367 1314 4419 malea
1336 4365 1480 4433 insulare-tn
1505 4368 1559 4421 loeo

401 4458 461 4502 aunt
477 4453 495 4502 i.
514 4467 535 4503 e.
554 4468 601 4520 pro
624 4453 700 4506 rebus
721 4444 802 4508 sacris
824 4453 958 4506 habentur.
994 4453 1035 4505 Ad
1058 4468 1089 4505 ea
1111 4468 1175 4521 quae
1193 4452 1314 4521 deinceps
1336 4452 1367 4504 de
1393 4453 1462 4521 agris
1479 4455 1558 4524 regiis

400 4538 428 4588 et
446 4534 493 4589 Gn.
510 4536 632 4606 Pompeio
650 4540 775 4608 disputat,
792 4539 947 4598 conterenda
964 4541 1005 4591 est
1022 4541 1085 4591 orat.
1103 4539 1135 4603 ΙΙ,
1156 4539 1195 4601 19,
1213 4538 1243 4591 51
1259 4553 1296 4606 sq.

489 4621 513 4674 7.
532 4625 696 4679 constituant.
712 4625 848 4693 'Quamvis
861 4624 1006 4692 discrepent
1018 4624 1149 4692 paululum
1166 4623 1240 4675 multi
1252 4623 1361 4687 codices,
1373 4638 1460 4676 veram
1472 4628 1559 4679 tamen

402 4721 460 4760 esse
479 4708 589 4765 arbitror
606 4711 681 4776 hanc,
700 4725 766 4779 quac
782 4709 912 4778 vulgatur,
929 4709 1073 4765 lectionem.
1097 4708 1137 4763 ot.
1155 4723 1233 4780 supra
1244 4709 1258 4774 ξ
1268 4709 1293 4762 4.
1320 4708 1384 4762 Item
1401 4704 1482 4780 paulo
1498 4715 1560 4784 poti
