3550 5492
945 612 978 658 .v1

383 752 539 850 reliquis
567 747 849 848 interpretibus,
878 747 1140 847 quiquoniam
1169 749 1348 849 temporis
1377 747 1550 822 ordinem

385 881 650 980 sequebantur,
679 876 902 952 senatoriam
933 877 1140 952 orationem
1158 877 1329 951 uberiore
1359 901 1550 952 commen-

384 1009 480 1095 tario
507 1007 763 1109 explicarunt:
792 1032 861 1080 nos
888 1031 975 1083 cum
1002 1005 1164 1080 utilitate
1182 1008 1435 1098 movebamur,
1464 1017 1549 1079 tum

385 1164 474 1215 vero
503 1135 696 1213 Ciceronis
730 1135 848 1236 ipsius
875 1134 1068 1226 instituto,
1103 1133 1232 1232 quiin
1263 1136 1441 1210 contione
1468 1161 1549 1208 ma-

384 1253 463 1342 iore
499 1292 574 1341 non
609 1265 720 1340 modo
748 1264 785 1339 vi
813 1275 926 1363 atque
958 1263 1118 1362 impetu,
1152 1288 1285 1337 verum
1317 1244 1429 1338 etiam
1458 1262 1549 1361 quia

385 1395 488 1496 apud
514 1393 708 1496 imperitos
741 1394 894 1493 agebat,
928 1391 1036 1492 copia
1067 1392 1214 1468 dicendi
1247 1418 1338 1466 usus
1372 1403 1439 1467 est.
1500 1392 1545 1464 In

387 1535 469 1600 toto
496 1536 622 1599 autem
648 1520 915 1597 commentario
943 1546 1018 1595 non
1045 1522 1115 1598 hoc
1136 1523 1244 1597 nobis
1264 1519 1545 1623 proposuimus,

389 1665 434 1728 ut
460 1654 574 1728 stulte
602 1650 759 1725 oratoris
787 1650 1040 1748 eloquentiam
1062 1636 1343 1743 admiraremur,
1372 1674 1545 1749 quaeque

390 1781 547 1872 diceret,
582 1805 657 1853 non
692 1768 840 1853 ta'ntum
874 1779 1052 1870 facundo,
1082 1781 1292 1869 sedetiam
1324 1804 1412 1856 vere
1445 1777 1547 1853 dicta

385 1935 469 1985 esse
488 1910 797 2010 persuaderemus
805 1937 814 1998 3
842 1933 974 1982 verum
1001 1919 1119 1984 artem
1146 1909 1225 1984 eius
1252 1910 1290 1983 in
1319 1934 1363 1982 eo
1381 1906 1544 2007 positam

385 2063 466 2114 esse
493 2038 722 2139 putavimus,
751 2047 794 2111 ut
821 2035 894 2110 alia
921 2046 1074 2129 taceret,
1103 2038 1176 2113 alia
1206 2039 1364 2130 efferret,
1393 2036 1465 2111 alia
1491 2035 1545 2109 le·

386 2165 486 2242 viter
512 2175 687 2256 mutaret,
719 2164 845 2239 omnia
863 2166 910 2238 ad
937 2190 1077 2258 eorum,
1106 2168 1171 2266 qui
1189 2168 1373 2257 audirent,
1401 2167 1570 2241 animos

386 2296 700 2393 voluntatemque
719 2294 1030 2370 accommodaret:
1042 2321 1046 2328 ’
1059 2322 1133 2394 qua
1155 2297 1299 2372 ratione
1318 2297 1383 2395 qui
1398 2295 1547 2372 Cicero·

388 2448 475 2499 nem
511 2424 801 2516 examinabunt,
840 2433 879 2496 et
914 2422 1031 2522 ipsius
1069 2425 1263 2524 ingenium
1300 2424 1400 2497 haud
1432 2427 1547 2524 paulo

390 2551 529 2626 rectius
557 2551 811 2627 aestimabunt
837 2552 950 2651 idque
977 2553 1153 2627 inanibus
1186 2553 1310 2628 verbis
1343 2553 1547 2651 fundendis

388 2680 574 2756 contineri
606 2681 780 2757 desinent
811 2681 934 2756 dicere
975 2693 1012 2755 et
1044 2682 1210 2757 iudicare
1244 2707 1287 2757 ac
1318 2707 1455 2756 veram.
1470 2681 1548 2755 elo-

389 2809 585 2910 quentiam
611 2809 821 2911 intelligere
849 2812 1048 2910 docebunt.

494 2963 719 3065 Scripsimus
747 2966 802 3039 Id.
830 2965 940 3041 Febr.
972 2969 1082 3040 1861.
