3550 5492
781 610 908 696 ..52
953 648 994 664 .„

312 779 427 846 creati?
449 780 546 863 Reges
569 777 814 859 constituuntur,
837 799 900 842 non
921 778 1026 860 Xviri,
1050 779 1197 856 Quirites:
1225 778 1334 866 itaque
1363 780 1402 847 ab
1422 778 1463 846 bis

310 885 411 950 initiis
432 882 702 965 fundamentisque
724 881 871 961 nascitur,
895 888 1014 946 utnon
1037 883 1125 947 modo
1147 905 1218 948 oum
1238 905 1345 967 gerere
1369 907 1463 971 coepe

311 988 384 1068 rint,
408 986 461 1050 sed
484 987 577 1050 etiam
600 1007 671 1048 eum
692 984 933 1064 constituentur,
963 1005 1052 1047 omne
1080 992 1220 1049 nostrum
1241 986 1307 1068 ius,
1337 992 1464 1072 potestas

199 1086 497 1174 Xll‚30libertasque
518 1089 653 1154 tollatur.
689 1090 731 1153 At
753 1087 864 1168 videto,
892 1108 984 1170 quam
1007 1086 1170 1170 diligenter
1188 1089 1324 1155 retineat
1346 1091 1396 1155 ius
1417 1091 1464 1155 tri·

311 1194 452 1258 buniciae
474 1193 642 1278 potestatis.
680 1189 862 1255 Consulibus
884 1186 983 1270 legem
1011 1187 1160 1251 curiatam
1182 1189 1355 1254 ferentibus
1378 1212 1397 1254 a
1417 1192 1464 1255 tri·

311 1296 402 1360 bunis
425 1295 522 1380 plebis
545 1314 636 1378 saepe
658 1297 705 1355 est
726 1291 937 1355 intercessum.
981 1289 1087 1373 Neque
1108 1297 1213 1354 tamen
1235 1312 1291 1356 nos
1314 1292 1350 1356 id
1373 1294 1465 1378 queri·

310 1420 396 1480 mur,
419 1419 485 1461 esse
507 1397 586 1460 lianc
614 1396 809 1458 tribunorum
836 1394 934 1479 plebis
961 1399 1156 1479 potestatem:
1186 1398 1419 1480 tantummodo,
1443 1399 1465 1462 si

310 1500 379 1584 quis
402 1520 438 1562 ea
452 1464 603 1583 poteslatc
626 1502 673 1560 ost
689 1516 774 1578 usus,
792 1496 1012 1561 existimemus
1050 1498 1107 1561 Hic
1129 1498 1272 1562 tribunus
1295 1499 1465 1585 plebis'legi

378 1715 463 1776 'initiis
478 1711 683 1764 [fundamentisque]
699 1715 823 1759 naseuntur,
837 1717 866 1754 ut.
884 1730 910 1742 -
925 1722 984 1752 omae
1002 1715 1094 1753 oestrum
1112 1714 1152 1753 tus.
1166 1731 1191 1742 »-
1209 1711 1241 1753 80.
1255 1717 1368 1762 potestate
1397 1719 1466 1755 temere

309 1787 346 1824 est.
359 1801 384 1813 -
398 1784 550 1823 exiottrrmmus.

311 1966 367 2001 eum
389 1949 438 2000 hoe
455 1948 561 2000 uerbum
580 1930 606 1999 in
624 1945 758 2020 ἀρχετύπῳ
776 1963 866 2015 parum
884 1947 1016 2001 commode
1034 1947 1085 2016 legi
1097 1947 1212 2016 potuisse
1224 1948 1421 2014 conficeremus,
1436 1949 1467 2000 la·

310 2035 358 2087 eile
376 2033 541 2086 emendatum
559 2036 599 2085 est
613 2040 731 2100 possunt,
750 2033 868 2085 nimirum
880 2030 968 2095 Xairi,
986 2033 1029 2100 qui
1047 2032 1125 2084 iidem
1142 2031 1302 2100 intelligendi
1314 2036 1381 2086 sunt
1397 2033 1466 2101 paulo

309 2124 376 2188 post,
394 2121 439 2172 ubi
458 2125 497 2173 est
515 2119 669 2171 habeantet
686 2118 815 2172 baberent.
845 2118 985 2186 Supererat
1003 2118 1130 2186 particula
1147 2124 1183 2181 ut,
1202 2133 1234 2170 ex
1251 2134 1302 2186 qua
1320 2118 1431 2172 fecimus
1446 2119 1466 2170 ei

309 2205 424 2267 ataleni
443 2221 504 2258 sane
523 2206 671 2270 mutatione,
689 2204 809 2272 quoniam
828 2221 841 2256 e
859 2208 885 2257 et
905 2212 915 2256 t
932 2206 1071 2259 sescenties
1090 2206 1116 2257 in
1134 2208 1234 2258 uetusto
1252 2205 1342 2258 codice
1362 2222 1466 2260 commu·

309 2295 378 2344 tatae
396 2297 468 2357 sunt,
486 2293 650 2361 reliquaeque
669 2291 768 2344 litterae
787 2291 861 2343 facile
879 2292 920 2344 vel
938 2293 1092 2345 omittuntur
1114 2291 1154 2343 vel
1173 2289 1375 2346 confunduntur.
1410 2293 1466 2346 Sen-

309 2378 390 2430 tentia
408 2378 510 2446 quidem
533 2379 584 2431 iam
609 2378 672 2432 adeo
691 2380 731 2431 est
752 2381 850 2445 aperta,
868 2381 897 2429 ut
916 2376 979 2429 nihil
997 2376 1056 2428 addi
1079 2391 1144 2444 opus
1168 2376 1210 2429 sit.
1246 2375 1298 2429 Sed
1315 2377 1396 2444 paulo
1413 2381 1466 2446 posi

310 2465 454 2519 offendebat
471 2466 595 2534 quosdam
606 2467 760 2534 interpretes
778 2464 900 2531 quoniam
918 2478 975 2516 eum
988 2462 1150 2515 coniunctim
1162 2463 1284 2516 iunctum.
1304 2462 1388 2526 Quem
1411 2478 1465 2517 care

308 2567 341 2604 ex
359 2552 537 2604 coniunctione
554 2554 642 2619 apium
659 2567 716 2604 esse
734 2553 823 2618 putes:
836 2548 937 2616 pendet
954 2562 986 2598 ex
1003 2547 1131 2598 sententia
1148 2546 1329 2615 obliqua‚mon
1349 2549 1425 2602 aliter
1439 2563 1465 2601 ae

311 2652 389 2706 supra
406 2640 420 2703 ξ
439 2637 472 2690 98
490 2639 612 2705 quoniam
638 2667 671 2675 -
698 2643 782 2690 esserrt
802 2633 942 2688 eorwtttati.
972 2660 1006 2670 -
1032 2631 1064 2684 ab
1082 2631 1122 2684 leta
1143 2632 1228 2685 initiis
1239 2632 1465 2702 fraudaments‘sque

311 2723 431 2775 nascitur
447 2724 465 2774 i.
475 2739 498 2776 e.
516 2725 645 2790 sequetur,
663 2721 788 2774 efficietur
805 2737 837 2772 ex
854 2719 903 2772 his.
930 2718 1033 2770 Rullum
1052 2719 1088 2770 ait
1099 2719 1204 2787 eiusque
1222 2720 1315 2784 socios,
1332 2724 1464 2790 postquam

309 2807 399 2860 Xuiris
418 2808 472 2860 sine
491 2807 566 2874 plebe
585 2789 773 2859 constituendis
786 2805 860 2873 quasi
872 2804 946 2856 initia
958 2803 1075 2858 fecerunt
1086 2803 1301 2874 fundamentoque
1318 2810 1465 2874 posuerunt,

309 2909 340 2946 eo
357 2908 548 2962 progressuros,
566 2896 596 2945 ut
612 2893 756 2945 libertatem
774 2891 874 2944 tollant.
911 2889 948 2943 (li.
967 2891 998 2944 de
1016 2890 1058 2944 tin.
1076 2892 1125 2956 ΙΙΙ,
1145 2892 1185 2957 19,
1204 2891 1236 2945 63
1255 2891 1367 2947 Euboe
1384 2894 1463 2947 casei

311 2987 353 3031 tur
371 2981 463 3042 etiarn,
484 2987 513 3031 at
531 2980 670 3032 coturnatis
687 2979 817 3031 bornicum
839 2979 907 3031 iuter
928 2978 1041 3031 borrrines
1064 2979 1194 3030 naturales
1217 2979 1253 3030 sit
1274 2980 1464 3034 emaensudctt‘o.

309 3064 385 3117 Haud
409 3065 486 3133 paulo
509 3066 557 3118 hoc
580 3065 665 3118 verius
688 3068 727 3118 est
750 3079 826 3133 quam
848 3063 917 3132 quod
940 3065 1001 3116 olim
1018 3064 1142 3118 edebatur
1158 3067 1245 3132 itaque
1268 3065 1464 3120 uetustatem

309 3158 465 3214 nascautur,
489 3152 563 3218 quasi
580 3168 613 3204 ex
635 3155 763 3219 potestate
786 3150 901 3213 demum,
924 3166 1000 3217 quam
1017 3165 1077 3203 mox
1099 3151 1272 3219 explicaturus
1290 3155 1331 3206 est
1349 3153 1464 3219 Xuirum,

310 3253 361 3289 non
379 3253 410 3289 er
428 3238 485 3305 ipsa
503 3237 675 3290 constituendi
698 3238 796 3289 ratione
814 3236 942 3288 libertatis
964 3235 1082 3288 interitus
1104 3237 1221 3304 prodeat.
1260 3236 1342 3292 Paulo
1360 3242 1421 3309 post
1434 3254 1465 3291 ex

311 3337 438 3375 consensu
455 3340 535 3392 prope
554 3323 671 3376 codicum
688 3320 814 3374 edidimus
832 3329 948 3374 posnam
964 3321 1014 3385 ias,
1031 3336 1083 3374 non
1094 3330 1214 3375 uestram.
1241 3323 1386 3391 Diligenter
1402 3325 1464 3378 enin

311 3407 398 3460 Cicero
417 3409 486 3474 iacit,
504 3413 533 3464 ut
551 3424 615 3477 quae
632 3407 793 3460 incommoda
811 3412 837 3461 et
854 3408 992 3461 iniucunda
1010 3412 1083 3473 sunt,
1108 3425 1194 3462 seeum
1217 3411 1403 3476 communicet,
1420 3425 1466 3464 non

310 3493 359 3546 soli
376 3495 447 3563 plebi
463 3497 567 3549 tribuat.
626 3539 628 3544 .
783 3503 785 3506 '
1506 3534 1508 3543 .

396 3581 438 3636 ao.
456 3581 705 3648 coenaverimus.
732 3581 765 3633 nt
783 3597 810 3634 se
828 3582 913 3650 ipsum
931 3582 1059 3650 intelligit,
1077 3583 1120 3650 qn
1139 3581 1228 3636 consur
1242 3585 1290 3647 est,
1308 3584 1334 3635 et
1353 3588 1465 3637 sanun
1506 3570 1508 3583 '

310 3668 465 3732 universum,
492 3667 536 3736 qni
553 3666 605 3718 iere
624 3666 744 3719 adiurare
762 3668 828 3720 solet
845 3668 971 3722 consules,
1006 3668 1086 3721 Paulo
1108 3671 1175 3736 post·
1191 3668 1251 3721 olim
1273 3669 1310 3722 sic
1333 3666 1480 3724 edebatur:¹

310 3753 335 3804 si
351 3753 408 3819 qais
427 3768 458 3805 ea
472 3759 600 3821 potestate
618 3758 709 3804 tenere
728 3761 766 3806 est
782 3771 852 3817 usus,
870 3755 1054 3818 existimamus,
1073 3769 1138 3822 qnae
1150 3755 1274 3822 explicari
1287 3769 1338 3808 non
1353 3755 1466 3824 potuisse

310 3855 362 3892 non
379 3839 501 3892 miramur
518 3837 706 3905 extitemntque
724 3840 849 3908 quaedam
862 3841 1032 3905 coniecturae,
1044 3840 1206 3908 exagitemus
1224 3840 1264 3893 rel
1280 3848 1466 3905 exaestuemus,

311 3941 358 3978 nee
376 3925 501 3978 sententia
518 3938 566 3977 nee
584 3923 667 3977 verbis
686 3928 768 3992 aptae.
804 3926 930 3979 Subvenit
947 3943 1012 3981 nune
1031 3925 1087 3979 cod.
1107 3926 1136 3991 9,
1158 3926 1184 3978 in
1208 3942 1258 3995 quo
1280 3933 1374 3980 temese
1398 3928 1466 3981 abest

311 4015 337 4063 et
355 4012 421 4065 coni.
440 4010 612 4063 existimatus
635 4010 735 4079 legitur.
774 4012 828 4065 Iam
846 4014 932 4065 omnia
956 4015 1045 4081 aperta
1067 4015 1135 4065 sunt.
1171 4011 1236 4065 Nam
1262 4014 1414 4069 existimare
1429 4016 1466 4068 est

310 4099 430 4160 iudicare,
447 4097 518 4149 uelut
535 4095 567 4148 de
584 4095 632 4164 leg.
651 4096 738 4161 1‚t‚7
756 4100 904 4169 scriptores,
922 4098 968 4167 qui
984 4126 1018 4135 -
1035 4098 1147 4151 arandara
1164 4098 1308 4163 ediderunt,
1327 4100 1361 4154 de
1379 4099 1465 4169 quita

210 4186 215 4195 '
311 4184 460 4237 esistiraare
476 4200 527 4235 nou
541 4199 690 4251 pessumam
708 4201 734 4252 p.
752 4183 821 4238 Geel.
832 4184 882 4249 1‚2
900 4185 924 4237 si
941 4184 1090 4260 eciatbnaue
1106 4201 1166 4238 ecre
1184 4184 1215 4238 de
1233 4185 1303 4237 aaut
1319 4184 1371 4238 luae
1389 4203 1465 4241 cauea

309 4268 443 4321 volaaitis
462 4283 493 4320 ae
511 4283 588 4337 saepe
605 4269 721 4323 similiter
739 4284 797 4323 cum
820 4271 949 4325 adverbiis
968 4271 1137 4339 coniungitur.
1173 4271 1309 4338 Proprium
1328 4276 1416 4327 numm
1431 4273 1467 4327 ri·

311 4353 386 4405 detur
403 4368 459 4406 esse
477 4355 588 4408 consulis
606 4356 751 4408 existimare
759 4356 892 4432 xadversus
914 4357 1029 4411 tribunos
1052 4357 1147 4425 plebis;
1170 4357 1232 4409 nihil
1255 4358 1323 4410 enim
1344 4359 1417 4413 aliud
1433 4359 1466 4413 fs·

311 4455 368 4492 cere
390 4443 487 4507 potest,
509 4457 585 4508 qnam
608 4445 636 4494 ut
659 4446 703 4494 aut
725 4446 786 4512 agat
802 4459 860 4496 eum
882 4444 915 4497 iis
934 4447 979 4497 aut
994 4444 1017 4497 si
1043 4446 1129 4496 tamen
1155 4446 1284 4511 perstent,
1311 4449 1419 4499 censeat
1439 4459 1466 4498 ae

311 4526 560 4580 senatusconsultum
579 4529 658 4582 faeiat
675 4534 764 4583 contra
785 4545 864 4598 remp.
882 4529 911 4582 id
927 4529 990 4584 fieri.
1031 4529 1185 4583 Indicatirus
1209 4530 1386 4584 eaistiraaruas
1408 4532 1465 4585 iton

311 4614 399 4681 posset
416 4611 485 4674 ferri,
502 4614 548 4666 sed
566 4631 612 4668 nec
634 4615 749 4670 codicem
767 4616 783 4668 9
800 4615 827 4669 in
845 4631 896 4668 una
912 4631 940 4668 re
957 4617 1042 4685 sequi,
1064 4617 1091 4667 in
1115 4614 1196 4669 altera
1214 4615 1331 4671 desemre
1348 4618 1466 4687 placebo

311 4700 337 4753 et
354 4698 530 4754 coniunctivae
548 4700 610 4772 quid
628 4701 727 4766 Cicero,
745 4702 767 4755 si
785 4702 843 4773 quis
860 4701 1010 4777 intercedat,
1028 4703 1142 4757 fecturus
1159 4704 1194 4759 ait
1212 4705 1347 4777 signifieat
1371 4707 1466 4765 Vesuu-
