3550 5492
876 576 1089 637 ...Q-.-

405 739 493 804 eredo
516 739 719 823 ascripturum
735 758 801 801 esse
816 740 955 821 diepam·
978 759 1038 802 uon
1060 737 1145 802 enim
1159 736 1284 803 videtur
1301 736 1350 823 id,
1366 732 1457 825 ‹juod
1475 738 1553 803 imni

405 864 499 907 nuere
522 842 587 925 lege
605 848 741 925 conatur,
763 863 963 907 concessurus
985 842 1087 907 verbe.
1136 843 1178 905 Te
1199 843 1269 907 eolo
1293 834 1429 919 eierare,
1451 838 1555 907 ut'oeli

405 946 545 1031 Sinopae
560 956 688 1031 praesto
710 950 753 1009 sis
776 946 985 1029 ceciliamque
1008 944 1163 1018 adducas,
1183 946 1260 1009 dem
1281 968 1344 1010 eos
1367 940 1483 1030 scyros,
1502 970 1554 1031 peu

405 1058 456 1111 tuo
479 1048 585 1110 labore
606 1050 727 1131 cepisti,
754 1070 811 1128 epo
842 1070 912 1109 enee
942 1046 1008 1127 lips
1030 1046 1169 1111 ceredam.
1219 1045 1272 1109 An
1296 1044 1554 1135 Pompeium'm

405 1146 583 1214 adhibebit?
605 1147 638 1211 in
653 1147 720 1211 eius
737 1146 895 1232 provincia
909 1146 1022 1211 vendet
1035 1146 1198 1212 manubias
1212 1144 1447 1233 imperatoris?
1473 1150 1554 1217 Ponit

405 1257 476 1315 ante
498 1250 599 1315 oeulos
627 1248 714 1314 vobis
737 1248 864 1313 Rullum
891 1248 925 1313 in
948 1249 1045 1313 Ponto
1066 1249 1147 1314 inter
1174 1253 1282 1314 nostra
1312 1256 1418 1337 atque
1443 1252 1555 1319 hostiur

405 1359 505 1418 castra
525 1354 616 1421 hasta
646 1354 745 1438 posita
772 1374 843 1418 eum
871 1353 936 1419 suis
958 1353 1098 1419 formosis
1125 1352 1301 1419 finitoribus
1326 1338 1555 1425 incatenantur

361 1466 395 1520 54
404 1458 508 1542 Neque
531 1459 563 1523 in
592 1459 648 1522 hoc
676 1458 777 1524 solum
803 1459 884 1524 inest
911 1459 1112 1541 contumelia,
1141 1478 1218 1543 quae
1240 1459 1458 1528 vehementer
1479 1468 1510 1527 et
1523 1462 1555 1525 in

404 1562 501 1645 signis
524 1566 570 1626 est
592 1568 622 1625 et
643 1581 732 1643 nova,
755 1565 791 1625 ut
805 1561 870 1625 ulla
892 1583 940 1626 res
955 1561 1154 1646 parta'bello,
1173 1550 1316 1627 nondum
1332 1558 1555 1649 legibus‘delis

405 1664 567 1728 etiamtum
589 1663 771 1748 imperatore
799 1663 915 1728 bellum
937 1661 1189 1746 administrante,
1218 1683 1281 1728 nen
1308 1666 1421 1733 modo·
1435 1667 1555 1748 venierit

404 1788 512 1832 verum
535 1760 633 1831 locata
655 1765 711 1830 sit:
733 1766 803 1851 plus
817 1762 957 1851 spectant
972 1765 1110 1831 homines
1125 1771 1205 1832 certe
1221 1787 1318 1851 quam
1334 1768 1554 1837 contumeliam

489 1933 535 1979 lece
549 1941 602 1971 raca.

403 2078 514 2146 epistola
532 2079 658 2145 disputat:
677 2078 703 2129 in
722 2079 793 2130 euius
807 2077 1008 2146 praescriptione
1025 2078 1097 2131 illum
1119 2082 1219 2142 narrat,
1230 2093 1274 2153 „ne
1292 2080 1408 2145 eos,'ad
1427 2080 1557 2151 ques'seii·

402 2167 482 2228 beret,
501 2165 633 2233 dignitatiS
652 2166 752 2217 nemine
776 2170 891 2230 ornaret,
917 2182 991 2220 suum
1009 2166 1090 2234 ipsius
1109 2181 1209 2231 nemen
1226 2164 1330 2232 imperii
1355 2164 1522 2235 deposuisse.
1534 2192 1556 2203 ··

404 2249 510 2318 Mopse.
546 2251 615 2303 Ilaec
641 2251 709 2303 euim
736 2251 886 2321 appellatio,
913 2268 964 2320 qua
989 2251 1086 2318 primus
1109 2254 1166 2302 'cum
1193 2265 1225 2302 ex
1249 2242 1346 2301 Africa
1365 2250 1554 2320 triumphanter

405 2352 472 2389 snno
489 2337 520 2390 81
541 2337 569 2390 L.
587 2337 660 2390 Sulla
678 2339 832 2406 appellavit,
856 2340 892 2391 ita
911 2340 942 2410 ⁴in
960 2351 1100 2405 cognomen
1118 2334 1195 2399 abiit,
1212 2339 1241 2388 ut
1263 2349 1294 2387 eo
1312 2350 1370 2388 nen
1394 2336 1557 2405 tantum3slii,

403 2439 492 2477 rerum
515 2425 591 2477 etiam
618 2424 673 2492 ipse
696 2425 727 2477 de
751 2427 920 2479 sectaretur.
965 2422 1026 2491 Ipse
1051 2424 1119 2474 certe
1145 2419 1311 2487 inepistolis
1336 2419 1521 2477 Ciceronianis
1535 2418 1571 2499 nl,

412 2510 465 2562 Att.
483 2509 551 2574 VIII,
572 2510 602 2562 12
620 2511 725 2564 inclusis
737 2510 905 2579 Calllcpaus
922 2509 1113 2579 praescribitur.
1143 2508 1172 2562 In
1189 2508 1247 2575 ipsa
1264 2508 1354 2561 autem
1373 2510 1502 2577 epistola,
1511 2522 1557 2581 quse

412 2609 468 2646 eum
487 2609 580 2661 magna
597 2594 714 2647 irrisione
731 2594 801 2647 Rulli
819 2595 917 2663 scripta
933 2598 973 2647 est
990 2597 1060 2658 (nam
1078 2594 1205 2663 quomode
1223 2593 1307 2647 dicere
1324 2596 1421 2662 poene
1437 2596 1512 2651 illurn
1524 2608 1557 2649 ew

412 2680 489 2732 abere
507 2680 606 2748 cepisse
624 2694 708 2747 agree,
727 2695 755 2732 se
773 2696 820 2734 sua
837 2680 893 2748 lege
913 2679 1100 2742 venditurumt)
1124 2676 1237 2731 notanda
1253 2677 1333 2730 uerba
1353 2685 1379 2733 te
1397 2680 1555 2759 velocem

403 2768 430 2817 et
443 2772 550 2835 praesto
568 2765 612 2827 sis,
631 2765 811 2832 imperantium
828 2768 853 2818 et
864 2766 1008 2833 parentium
1019 2765 1130 2832 propria.
1142 2792 1175 2801 —
1185 2762 1308 2832 Sinopae.
1341 2764 1385 2817 Ita
1402 2764 1555 2833 scribendi!

400 2865 457 2903 esse
475 2850 607 2916 probabile
625 2855 673 2914 est,
690 2852 739 2904 etsi
756 2850 816 2903 libri
833 2865 879 2904 ms.
899 2866 986 2903 omnes
998 2849 1094 2901 babent
1103 2847 1200 2917 Sinope
1218 2848 1288 2914 (nam
1301 2848 1574 2911 etiam'Eriurtens'u„

399 2950 449 3002 quo
468 2935 586 2988 Baiterus
605 2936 697 2997 utilas,
715 2952 728 2988 e
746 2934 786 2987 rel
806 2935 817 2985 i
833 2934 924 2999 habet,
946 2950 997 2988 non
1015 2936 1065 2998 ee).
1100 2934 1166 2986 Nam
1189 2934 1351 2987 accusativus
1371 2932 1509 3007 Sinopam
1526 2938 1555 2989 ut

399 3021 426 3072 in
444 3020 517 3072 Verr.
535 3020 556 3083 I,
573 3020 615 3084 34,
634 3019 667 3073 87
685 3022 722 3082 (at
739 3019 856 3088 Sinopen
874 3020 905 3072 de
922 3022 983 3090 imp.
1001 3021 1091 3089 Pomp.
1104 3021 1129 3084 8,
1148 3021 1200 3084 21),
1219 3035 1266 3073 nec
1283 3036 1297 3073 a
1315 3019 1513 3079 admittendum
1526 3024 1554 3077 sel

400 3105 450 3157 uisi
469 3106 495 3157 in
514 3106 614 3157 urbium
627 3105 770 3157 nomiuibus
782 3106 1015 3170 indeclinabilibus,
1033 3111 1061 3159 ut
1070 3106 1157 3170 Caere,
1167 3107 1312 3159 Praeneste.
1339 3106 1472 3177 Sinopen¹
1485 3112 1554 3163 aum

400 3191 548 3252 nominarit,
567 3191 627 3257 quia
644 3190 671 3241 id
689 3194 766 3257 eaput
783 3193 855 3260 quasi
868 3191 944 3243 Ponti
961 3195 1017 3244 erat
1035 3208 1065 3244 ae
1082 3192 1157 3245 sedes
1175 3192 1235 3244 olim
1250 3190 1422 3259 Mithridatis,
1442 3196 1490 3251 ubi
1506 3208 1554 3263 epte

399 3274 453 3325 eius
471 3275 557 3325 uenire
579 3275 721 3340 oportebat.
746 3303 778 3312 -
801 3275 944 3329 arcontius.
979 3275 1107 3328 Inridiese
1130 3275 1203 3328 dixit.
1238 3276 1304 3328 Nam
1328 3278 1478 3333 moabiae
1494 3292 1556 3349 quse

287 3378 290 3385 ·
401 3372 499 3423 cunque
517 3358 620 3425 propria
639 3358 801 3426 appellantur
819 3360 888 3423 (vide
911 3360 978 3414 infra
996 3361 1027 3414 ad
1046 3362 1121 3427 §59),
1140 3377 1216 3429 agros
1239 3364 1325 3413 umen
1349 3376 1431 3417 nemo
1456 3378 1556 3435 usqum

399 3441 506 3494 vocavit.
537 3439 606 3503 Quae
625 3444 709 3493 autem
726 3443 902 3511 insequuntur,
921 3446 1014 3513 Aquila
1032 3447 1162 3500 Romanus
1180 3446 1212 3498 de
1229 3442 1348 3514 lig'.sent
1363 3446 1397 3500 13
1414 3446 1555 3505 memoriter

398 3528 435 3579 sie
453 3527 527 3580 citat:
554 3526 646 3579 Ponite
669 3534 728 3579 cate
755 3530 840 3582 oeulos
858 3529 965 3583 Rullum
987 3532 1064 3584 testa
1082 3532 1172 3601 posite
1195 3532 1223 3583 ia
1240 3530 1361 3601 Pompeii
1384 3536 1487 3589 casum
1509 3550 1555 3589 ee!

397 3612 451 3664 suis
462 3610 587 3679 formosis
598 3610 748 3677 finitoribus
765 3614 963 3668 esebon-artem.
1508 3622 1511 3627 '
1562 3620 1567 3629 '

483 3697 524 3751 54.
544 3697 633 3765 Neque
651 3698 679 3749 ia
696 3697 743 3749 doe
761 3698 842 3750 solers
859 3698 926 3753 inest
943 3705 1104 3757 eerturnelie.
1130 3704 1297 3773 Respondent
1315 3720 1383 3773 quae
1401 3708 1486 3775 paulo
1504 3710 1555 3779 peel

397 3785 530 3837 immutata
548 3785 663 3837 oratione
680 3784 811 3853 leguntur:
826 3786 888 3854 plus
900 3794 1018 3856 spectant
1034 3789 1160 3853 tomiaes3
1178 3806 1238 3843 nam
1256 3790 1361 3859 proprie
1380 3806 1442 3847 esse
1460 3795 1554 3863 operte·

397 3870 453 3923 bat:
474 3886 524 3923 non
542 3870 623 3924 solum
648 3871 802 3924 contumelia
819 3873 901 3935 inest,
920 3889 1008 3927 venun
1030 3876 1107 3927 etiarn
1126 3876 1184 3944 plus
1203 3877 1333 3943 spectant;
1355 3880 1473 3947 apteque
1491 3892 1554 3953 „con-

395 3960 500 4023 paratur
518 3957 545 4007 in
562 3955 635 4010 Vera.
654 3959 710 4010 Act.
728 3957 752 4022 Ι,
774 3957 814 4019 10,
833 3957 865 4009 29
887 3958 945 4010 Neo
962 3962 1043 4013 solum
1060 3962 1210 4030 effupiemus
1233 3990 1266 3999 -
1288 3960 1468 4016 dominareris
1485 3978 1554 4035 qaue

394 4042 474 4095 rende
501 4041 607 4093 nimium
635 4042 783 4111 dilipeatem
808 4071 841 4079 -
868 4044 974 4096 accedet
991 4045 1069 4096 etiem
1095 4046 1167 4099 nobis
1193 4047 1275 4109 illud,
1297 4045 1329 4098 de
1351 4046 1396 4099 oli.
1415 4046 1553 4114 1,2e,tt

396 4127 557 4197 Quernqreum
578 4128 641 4181 baec
664 4130 766 4196 quidem
783 4145 824 4182 res
846 4146 898 4181 noa
920 4131 1002 4183 soleam
1027 4146 1059 4183 ese
1081 4132 1222 4185 domesticu
1244 4137 1284 4185 est
1303 4130 1421 4195 ratione,
1450 4134 1554 4203 aestuate

394 4213 472 4264 etiam
489 4213 612 4266 tadicum
648 4213 700 4267 Sed
718 4214 799 4269 noluit
817 4214 906 4268 Cicero
924 4215 994 4268 brevi
1016 4216 1100 4283 spatIe
1118 4217 1221 4269 easdem
1238 4216 1280 4269 sel
1296 4215 1395 4269 similes
1414 4220 1551 4285 particular

392 4302 521 4366 repetere;
538 4301 680 4369 insequitur
691 4302 759 4353 enirn
778 4318 828 4354 aaa
846 4302 920 4355 medo
938 4302 1055 4365 venierit,
1073 4317 1162 4354 oerum
1173 4304 1260 4356 locate
1276 4302 1318 4355 sit.
1346 4301 1444 4371 Inque
1463 4304 1553 4359 inlude

392 4382 551 4438 offenderunt
569 4386 729 4453 interpretes,
747 4404 835 4441 verum
853 4389 931 4442 etiam
943 4390 1108 4456 requIrentes.
1136 4389 1224 4454 Immo,
1243 4390 1287 4443 ubi
1305 4406 1321 4441 a
1339 4390 1437 4444 maiore
1457 4392 1494 4445 ad
1509 4391 1553 4445 mi·

392 4486 440 4523 nus
459 4470 634 4536 descenditur,
655 4474 704 4526 etsi
721 4478 807 4542 potest
824 4480 893 4529 certa
916 4477 989 4531 elteri
1012 4476 1125 4529 membro
1148 4476 1226 4528 etiam
1249 4474 1310 4528 addi
1327 4475 1417 4543 (atque
1435 4476 1550 4531 additum

391 4558 519 4625 reperitur
535 4574 611 4626 supra
630 4560 644 4623 ξ
661 4559 692 4612 41
713 4577 764 4613 aaa
781 4564 853 4615 mode
872 4564 909 4616 cd
925 4562 1096 4625 statuendum,
1113 4562 1160 4614 sed
1175 4561 1254 4614 etiem
1271 4562 1308 4615 ed
1324 4560 1486 4629 dicendum),
1507 4562 1551 4615 Ire

392 4643 511 4710 quentius
529 4647 614 4698 nmen
632 4649 734 4701 constat
750 4645 814 4714 fieri,
832 4651 861 4701 nt
878 4650 1016 4704 omittatur.
1049 4646 1101 4701 Sed
1117 4648 1145 4699 in
1162 4646 1207 4698 illo
1225 4645 1354 4715 quispiam
1370 4646 1458 4715 possit
1476 4646 1551 4701 onu-
