3550 5492
768 595 1002 661 -171-

307 761 395 813 utrum
411 758 457 812 illa
473 759 506 813 ad
523 759 581 812 sola
597 759 696 812 curiata
717 759 833 822 comitia,
854 758 918 812 haec
936 758 969 811 ad
990 760 1133 826 centuriata
1153 761 1319 830 pertinuerit,
1345 779 1378 814 an
1400 778 1460 816 uero

308 846 374 899 alias
391 859 432 898 res
449 845 482 897 ab
499 859 551 897 uua
563 844 757 912 praetermissas
774 843 857 896 altera
867 843 998 908 adiecerit,
1016 845 1066 899 etsi
1077 847 1147 897 certo
1159 845 1211 898 dici
1228 860 1279 898 non
1290 850 1384 914 potest,
1401 847 1462 915 quid

307 934 396 984 tamen
413 929 539 983 ambabus
556 929 674 984 ellectum
692 930 736 993 sit,
753 933 861 998 apparet
876 928 955 997 idque
972 929 1069 982 indicat
1085 929 1141 983 Idu.
1151 929 1171 995 1,
1182 931 1214 984 l'l
1231 931 1263 984 de
1280 931 1380 986 Numae
1388 931 1463 986 Pom·-

306 1017 365 1086 pilii
388 1033 468 1086 regno
480 1017 581 1071 dicens:
599 1017 786 1080 Dccrovomat,
798 1023 836 1080 ct,
853 1032 911 1094 com
921 1016 1033 1085 populos
1049 1031 1136 1084 repom
1149 1016 1273 1082 iussisset,
1285 1018 1316 1072 id
1325 1019 1363 1071 sic
1377 1025 1464 1072 rotem

307 1110 382 1168 esset,
399 1103 424 1156 si
434 1110 528 1172 potres
539 1109 658 1156 oucwrea
668 1103 772 1169 fierent,
789 1101 913 1169 hodieque
923 1101 953 1154 to
971 1101 1067 1170 lepidus
1079 1102 1463 1174 mopistrotibeaqcoroqondis

306 1196 452 1259 usurpator
468 1189 536 1242 idom
552 1189 594 1242 ias
610 1188 639 1241 oi
655 1189 789 1257 odornpto:
807 1189 964 1257 priusquam
976 1189 1092 1258 populea
1113 1189 1267 1258 scffropium
1283 1190 1362 1254 ineat,
1379 1191 1409 1242 ira
1425 1191 1464 1243 ic·

307 1281 406 1328 cortem
424 1276 584 1329 conuitiorum
606 1283 723 1330 evenuom
735 1282 828 1344 potres
845 1282 965 1328 auctores
975 1275 1058 1342 fiant,
1081 1275 1220 1344 eodemque
1237 1276 1349 1343 pertinet
1365 1275 1418 1330 Gic.
1436 1294 1463 1346 p.

305 1360 395 1414 Plane.
412 1360 438 1424 3,
456 1360 473 1414 8
490 1360 584 1414 Potrcs
601 1362 680 1430 opud·
690 1361 802 1438 maiores
819 1367 920 1415 costros
939 1369 1024 1415 tenero
1041 1379 1093 1414 nort
1105 1367 1260 1431 potnerunt,
1282 1368 1313 1414 ct
1328 1361 1464 1430 repreben-

306 1441 379 1502 sor'es
396 1456 479 1507 essent
496 1450 669 1513 concitorem,
692 1449 738 1503 sed
759 1464 812 1502 nou
834 1450 977 1518 pertinent,
1000 1465 1066 1519 quae
1082 1449 1196 1503 Licinius
1213 1450 1298 1503 linear
1316 1446 1385 1515 apud
1402 1447 1464 1501 Sall.

307 1534 369 1587 hist.
386 1534 436 1598 III,
454 1534 500 1600 82,
515 1535 548 1590 15
565 1536 619 1599 (ed.
632 1537 726 1601 Kritz.)
747 1538 837 1590 habet:
864 1534 947 1590 libero
968 1536 1000 1589 ob
1022 1537 1169 1590 auctoribus
1189 1535 1312 1605 patriciis
1335 1533 1465 1603 suffroqio

306 1620 420 1673 memrot
436 1621 518 1674 vestm
529 1629 701 1690 paraverant,
718 1639 783 1692 quae
801 1623 835 1675 ad
851 1623 948 1676 tributa
969 1623 1074 1676 comitia
1091 1623 1214 1677 adversus
1236 1625 1323 1690 patres
1345 1621 1464 1673 instituta

308 1715 401 1760 censeo
418 1722 475 1760 esse
492 1708 634 1761 referenda
674 1707 718 1762 Sic
734 1709 815 1778 igitur
834 1709 953 1762 effectum
971 1712 1024 1773 est,
1042 1709 1116 1762 utin
1138 1709 1248 1762 comitiis
1266 1710 1293 1759 et
1315 1706 1420 1760 curiatis
1438 1707 1465 1757 et

308 1792 459 1846 centuriatis
476 1794 546 1857 (nam
563 1793 662 1846 tributa
679 1810 695 1845 a
711 1794 827 1862 patribus
850 1793 932 1846 libera
948 1794 1033 1857 erant)
1048 1797 1151 1863 petrum
1173 1792 1313 1846 auctoritas
1336 1807 1388 1845 non
1406 1806 1465 1845 con·

308 1878 429 1932 firmandi
446 1894 526 1933 causa
542 1879 748 1949 subsequeretur,
766 1880 813 1933 sed
830 1879 1003 1934 antecederet
1030 1879 1189 1948 Quamquam
1205 1880 1264 1947 ipsa
1280 1879 1343 1931 haec
1355 1883 1465 1946 patrem

308 1964 453 2017 auctoritas
471 1965 554 2034 qualis
572 1967 654 2029 esset,
670 1980 827 2034 magnopere
850 1965 912 2018 olim
933 1964 984 2018 fuit
1001 1964 1114 2021 dubium.
1148 1963 1251 2016 Etenim
1273 1966 1390 2016 senatum
1413 1977 1464 2015 non

309 2046 434 2118 appellari
450 2053 553 2118 patmm
569 2051 673 2103 nomine
689 2050 898 2119 intelligebatnr3
915 2048 1041 2117 siquidem
1058 2049 1173 2102 Licinius
1190 2049 1275 2102 llacer
1295 2048 1367 2111 loco,
1388 2062 1464 2114 quem

307 2134 384 2188 medo
401 2134 513 2199 laudari,
526 2136 657 2204 potre'cios
674 2139 792 2190 auctores
810 2136 881 2200 dicit,
899 2136 962 2188 item
979 2135 1086 2204 Dionys.
1098 2135 1135 2200 Π,
1152 2134 1195 2200 60,
1212 2133 1267 2188 Lir.
1280 2133 1325 2198 Vl,
1341 2134 1390 2197 423
1407 2131 1464 2186 Gai.

307 2218 369 2271 lust.
378 2217 438 2282 1,3;
456 2219 483 2272 in
500 2224 592 2273 senatu
610 2223 695 2273 autem
712 2236 765 2274 uon
782 2224 881 2274 tantum
899 2220 1031 2289 patricios,
1048 2236 1137 2273 verum
1154 2220 1231 2273 etiem
1249 2219 1364 2289 plebeios
1382 2218 1464 2273 fuisse

309 2306 424 2368 cunstat3
442 2307 469 2356 et
484 2305 540 2358 Lir.
559 2305 602 2368 Vl,
620 2306 654 2358 42
671 2322 738 2360 anno
756 2306 807 2360 367
825 2323 849 2360 a.
868 2306 927 2361 Chr.
946 2308 973 2359 in
991 2306 1151 2361 concilianda
1166 2307 1242 2375 plebe
1260 2310 1349 2360 narrat
1369 2307 1465 2359 iactum

307 2403 364 2443 esse
383 2393 634 2446 senatusconsultum
647 2400 740 2462 patres
757 2400 876 2447 coctores
894 2392 1009 2446 amabas
1027 2393 1083 2446 oica
1103 2392 1168 2445 onai
1184 2392 1295 2445 comitiis
1305 2393 1416 2459 fierent·
1433 2393 1465 2445 de

307 2490 336 2529 se
351 2476 410 2544 ipso
429 2479 514 2531 eutem
538 2483 643 2532 senatus
665 2480 792 2548 spondere
809 2483 898 2548 potest
915 2495 943 2533 se
960 2479 1074 2532 futurum
1093 2482 1236 2544 auctorem,
1258 2479 1305 2533 sed
1327 2481 1464 2534 decernere

307 2565 338 2617 ut
353 2563 400 2617 fiat
417 2579 469 2617 non
487 2569 580 2632 potest.
615 2567 737 2621 Diuersus
754 2569 835 2637 igitm
851 2571 939 2636 patres
962 2569 995 2621 ab
1018 2569 1182 2622 senatoribus
1200 2584 1257 2622 esse
1275 2568 1394 2637 apparet,
1417 2564 1464 2618 sed

307 2652 382 2701 erant
399 2651 484 2700 tamen
506 2649 585 2702 etiam
602 2650 789 2717 quodammodo
808 2667 866 2705 cum
882 2653 916 2704 iis
933 2653 1075 2717 coniuncti;
1099 2669 1159 2705 nam
1181 2668 1230 2706 nee
1248 2655 1335 2720 ipsum
1352 2651 1464 2703 auctori·

306 2732 370 2786 tatis
387 2731 541 2784 uocabulum
557 2732 585 2784 in
602 2732 655 2786 ulla
671 2750 699 2786 re
715 2738 818 2802 praeter
835 2736 993 2808 senatoriam
1009 2736 1123 2804 reperias
1140 2751 1189 2788 nec
1204 2736 1357 2803 Dionysium
1365 2735 1465 2799 lX,4l,

307 2833 385 2886 quem
402 2817 486 2870 locum
502 2818 652 2883 citavimus,
676 2819 721 2888 qui
737 2820 769 2872 de
786 2821 835 2874 bac
856 2825 960 2889 patmm
982 2822 1135 2875 auctoritate
1157 2837 1265 2875 narrans
1286 2818 1465 2892 προβοὺλευμα

308 2907 356 2972 τῆς
373 2903 469 2972 βουλῆς
491 2908 685 2970 commemorat,
701 2907 753 2960 etsi
770 2907 859 2959 rideas
876 2923 973 2976 parum·
990 2907 1093 2976 proprie
1116 2906 1185 2976 quod
1206 2907 1278 2976 prius
1300 2905 1411 2959 valuerit
1431 2904 1465 2957 ad

309 2989 478 3056 posteriorem
495 2991 606 3041 aetatem
619 2990 769 3054 transferre,
786 2990 861 3044 aliter
878 2991 999 3060 explices.
1013 3034 1016 3039 ,
1029 2991 1084 3045 Nec
1100 2991 1216 3058 profecto
1233 2990 1313 3042 ullum
1330 2988 1400 3058 apud
1414 2989 1465 3043 Ro·

309 3091 399 3128 manos
416 3075 548 3143 publicum
565 3076 709 3141 consilium,
727 3077 796 3146 quod
813 3078 928 3145 patriciis
946 3081 1045 3131 tautum
1063 3080 1205 3142 constaret,
1228 3077 1367 3145 scriptores
1384 3074 1464 3127 inisse

308 3160 421 3214 tradunt
455 3161 526 3225 Quae
549 3178 607 3214 cum
629 3163 668 3216 ita
684 3163 749 3228 sint,
766 3163 925 3218 Bmeclmrns
948 3163 1028 3228 libro,
1051 3179 1126 3233 quem
1144 3163 1212 3226 dixi,
1229 3179 1255 3230 p.
1273 3162 1307 3215 64
1329 3161 1356 3213 in
1373 3162 1465 3213 senatu

308 3246 389 3300 tuisse
411 3247 486 3300 docet
507 3263 601 3316 corpus
622 3249 696 3318 quasi
718 3248 849 3318 quoddam
865 3250 1046 3317 patriciorum,
1068 3249 1138 3318 quod
1161 3264 1219 3302 cum
1242 3247 1347 3301 Servius
1364 3245 1464 3299 Tullius

309 3333 407 3400 primus
428 3333 544 3401 plebeios
565 3335 592 3386 iu
615 3337 732 3388 senatum
754 3335 791 3387 ita
809 3335 948 3403 reciperet,
975 3337 1005 3388 ut
1020 3335 1040 3388 ii
1057 3335 1085 3388 in
1102 3334 1225 3403 patricios
1247 3349 1300 3386 uon
1325 3331 1465 3385 transirent

309 3418 380 3482 (uam
397 3434 462 3486 quos
485 3419 638 3489 Tarquinius
656 3420 760 3473 Priscus
784 3424 928 3488 receperat,
950 3421 979 3481 iu
1000 3421 1123 3489 patricios
1146 3420 1273 3488 ascriptos
1295 3433 1353 3471 esse
1376 3419 1464 3470 narrat

308 3504 401 3558 zonat.
419 3505 475 3569 Vll,
492 3505 520 3569 8)
535 3505 577 3558 ius
595 3507 747 3559 auctoritate
764 3522 812 3560 sua
830 3507 991 3560 comitiorum
1008 3505 1239 3561 confirmandorum
1255 3506 1384 3558 retineret.
1419 3503 1464 3567 ,Ac

308 3590 442 3657 probabile
463 3606 525 3644 sane
547 3595 588 3645 est
609 3593 778 3661 convenitque
803 3608 861 3646 cum
884 3607 954 3645 more
978 3593 1112 3658 Romano,
1133 3596 1162 3645 nt
1183 3592 1297 3660 patricii,
1323 3590 1368 3657 qui
1385 3587 1464 3641 adid

308 3679 412 3743 tempus
428 3677 478 3729 soli
494 3680 612 3729 senatum
629 3677 779 3743 effecerant,
800 3694 859 3731 cum
876 3679 971 3747 plebeii
993 3680 1207 3742 admiscerentur,
1229 3692 1281 3730 non
1305 3676 1390 3728 omnia
1406 3675 1464 3727 iura

307 3763 452 3829 vulgarint,
469 3762 516 3816 sed
532 3763 658 3832 quaedam
679 3764 730 3817 sibi
747 3765 901 3817 reservarint
922 3780 1003 3832 ecque
1021 3766 1118 3832 magis,
1143 3763 1287 3832 quodcum
1307 3762 1335 3814 in
1352 3759 1463 3813 comitiis

307 3848 415 3900 curiatis
432 3848 527 3916 plebeii
543 3847 706 3900 multitudine
722 3848 782 3916 plus
799 3849 928 3913 valerent,
946 3850 1074 3917 patriciis,
1097 3850 1141 3916 qui
1158 3849 1207 3901 soli
1224 3851 1286 3900 tnnc
1303 3846 1336 3898 ad
1353 3845 1462 3899 honores

307 3933 515 3997 admittebantur,
531 3933 689 4001 impediendi
706 3949 758 3987 non
770 3933 847 3987 dubia
859 3937 975 4002 potestas
992 3934 1158 4003 relinquenda
1175 3933 1275 3987 ridetur
1286 3933 1374 3986 tubae.
1402 3929 1463 3983 Gor·

306 4032 356 4085 pus
373 4022 459 4071 autem
476 4018 539 4071 illud
550 4021 715 4088 patriciorum
732 4021 786 4073 sire
798 4025 902 4088 patrum
913 4036 965 4074 uon
982 4024 1082 4073 tantum
1094 4021 1122 4073 in
1134 4020 1259 4081 libertate,
1277 4033 1366 4071 rerum
1384 4017 1461 4069 etiam

306 4108 399 4172 postea
419 4105 468 4158 sub
483 4106 682 4174 imperatoribus
705 4106 749 4159 diu
770 4107 919 4160 constitisse
940 4106 1015 4159 docet
1031 4107 1144 4160 Zonaras
1163 4106 1225 4169 Vll,
1244 4104 1273 4167 9,
1290 4119 1349 4156 cum
1366 4101 1462 4154 calcea-

307 4191 390 4244 menti
406 4191 496 4244 lunula
511 4191 620 4259 insigne,
638 4195 694 4244 tum
710 4192 810 4245 duabus
827 4193 869 4244 luis
885 4192 962 4246 rebus
980 4192 1134 4259 praeditum,
1151 4193 1180 4244 ut
1198 4191 1246 4245 soli
1263 4190 1404 4256 interreges
1421 4201 1462 4241 so·

307 4275 376 4344 lique
393 4275 510 4330 flamines
527 4276 618 4341 Dialis,
635 4277 769 4342 llartialis,
787 4277 925 4341 Quirinalis
942 4277 1033 4331 fierent
1050 4277 1121 4341 (Tac.
1139 4278 1207 4330 dnn.
1218 4276 1269 4340 .lV,
1288 4276 1339 4338 16).
1373 4273 1462 4326 Eidem

308 4360 365 4426 boc,
382 4364 413 4415 ut
429 4363 580 4415 auctoritate
598 4378 646 4415 sue
657 4363 762 4415 comitia
772 4363 943 4428 confirmaret,
960 4378 1109 4417 cencessum
1127 4365 1288 4432 speciemque
1300 4377 1357 4413 eam
1374 4361 1400 4413 ri
1417 4360 1463 4413 du·

308 4444 369 4499 dnm
387 4445 490 4499 sublata
504 4445 648 4499 diutissime
664 4461 722 4500 esse
734 4451 912 4500 conservatum
930 4439 1079 4502 centicimus
1097 4464 1146 4502 nos
1164 4447 1279 4517 quidem,
1296 4447 1343 4500 sed
1359 4445 1463 4500 coniici-

308 4546 366 4585 mus
382 4546 442 4586 cum
458 4547 559 4585 summa
575 4531 765 4599 probabilitate,
783 4532 901 4587 omnibus
919 4536 1034 4587 veterum
1051 4535 1205 4593 testimoniis
1223 4533 1375 4597 obseruatis,
1392 4531 1463 4585 nulla

309 4633 345 4684 re,
361 4633 428 4688 quae
445 4632 504 4673 cum
520 4634 591 4675 more
602 4619 720 4674 Romano
737 4622 844 4694 pugnet,
861 4619 989 4675 admmsar
1006 4620 1059 4691 ipsi
1075 4624 1144 4675 certe
1161 4625 1260 4676 ueteres
1277 4625 1393 4676 auctores
1409 4621 1462 4688 ple·
