3550 5492
751 605 1071 678 -157-.

292 788 436 854 praesens
463 773 618 833 certamen
647 767 936 852 contentionemque
956 768 1112 850 fugeruut,
1134 788 1235 849 nunc,
1266 767 1293 831 si
1315 765 1447 848 videtur,

292 873 324 936 in
345 893 449 937 meam
472 870 646 937 contionem
668 871 816 955 prodeant
837 876 877 952 et,
901 889 961 955 quo
980 870 1137 954 provocati
1158 889 1177 932 a
1198 891 1248 935 me
1266 870 1372 935 venire
1393 872 1459 934 no-'·

293 974 433 1058 luerunt,
461 975 592 1040 revocati
617 974 726 1038 saltem
748 974 952 1038 revertantur.
996 972 1092 1037 Video
1115 972 1279 1056 quosdam,
1303 973 1403 1049 Quirit
1404 977 1473 1052 est

295 1065 423 1163 strepitu
445 1078 618 1161 significare
640 1077 744 1142 nescio
766 1076 841 1161 quid
864 1082 896 1141 et
916 1097 979 1140 non
1001 1077 1124 1141 eosdem
1142 1075 1259 1158 vultus,
1282 1099 1356 1161 quos
1379 1099 1448 1163 pro·

295 1180 376 1243 uma
397 1200 469 1243 mea·
489 1179 631 1243 contione
653 1179 875 1263 praebuerunt,
903 1179 937 1243 in
966 1179 1045 1243 hanc
1067 1179 1241 1243 contionem
1263 1178 1342 1242 mihi
1365 1184 1449 1245 retu-

297 1281 375 1346 lisse.
422 1281 522 1357 Quare
545 1303 564 1345 a
585 1281 692 1362 vobis·
705 1280 758 1364 qui
774 1280 853 1345 nihil
876 1281 913 1345 de
936 1279 986 1346 me
1000 1282 1183 1364 credidistis
1206 1288 1243 1347 ut
1256 1302 1325 1347 cam
1339 1283 1451 1347 volun-

297 1374 397 1466 tatem,
420 1405 514 1469 quam
536 1404 656 1469 semper
679 1382 831 1447 habuistis
846 1405 918 1467 erga
939 1406 998 1465 mc,
1020 1384 1191 1466 retinentia,
1214 1390 1299 1470 pcto:
1321 1405 1341 1447 a
1362 1385 1449 1449 vobis

299 1495 406 1569 autem,
430 1507 506 1571 quos
528 1487 638 1551 leviter
659 1486 839 1550 immutatos
862 1506 931 1551 esse
952 1486 1068 1563 sentio,
1096 1506 1224 1569 parvam
1245 1484 1350 1567 exigui
1371 1490 1451 1548 tem-

298 1593 373 1675 poris
396 1611 524 1655 usuram
554 1591 652 1654 bonae
668 1589 711 1652 de
732 1609 782 1652 me
809 1589 963 1674 opinionis
984 1587 1123 1672 postulo,
1151 1594 1188 1651 ut
1209 1608 1292 1668 eam,
1316 1587 1343 1651 si
1372 1608 1450 1671 quae

298 1694 396 1758 dixero
420 1694 506 1758 vobis
529 1692 667 1779 probaro,
689 1697 835 1776 perpetuo
856 1690 1108 1757 retineatisz'sin
1130 1691 1228 1773 aliter,
1251 1692 1307 1755 hoc
1328 1691 1402 1776 ipso.
1416 1691 1450 1754 in

298 1794 356 1858 loco
380 1793 551 1878 depositam
573 1798 665 1877 atque
688 1792 839 1873 abiectam
860 1792 1053 1877 relinquatis.
1088 1791 1240 1878 Completi
1257 1798 1331 1858 sunt
1353 1794 1476 1858 auimi3

298 1915 444 1980 auresque
466 1902 597 1977 vestrae,
620 1894 764 1977 Quirites,
786 1915 837 1961 me
858 1893 1082 1980 gratificantem
1100 1899 1217 1979 septem
1238 1895 1379 1978 tyrannis
1402 1918 1449 1961 oe-

299 1999 428 2082 terisque
450 1994 649 2063 Sullanarum
671 1997 916 2080 assignationum
938 1996 1164 2082 possessoribus
1179 1998 1315 2080 agrariae
1337 1998 1398 2082 legi
1420 2005 1451 2062 et

301 2101 452 2167 commodo
473 2106 574 2165 vestro
596 2099 754 2165 obsistere.
798 2099 864 2164 Hoc
892 2098 919 2163 si
948 2097 1002 2181 qui
1024 2097 1229 2181 crediderunt,
1257 2098 1336 2163 illud
1362 2101 1449 2185 prius

380 2242 465 2281 videtur
479 2239 560 2300 etsta.
572 2258 598 2269 -
611 2237 630 2278 2.
640 2210 744 2286 ¹prabatio.
758 2256 784 2267 -
797 2236 817 2278 3.
830 2237 944 2276 commodis
957 2237 1038 2277 eastris.

300 2358 375 2428 igitur
391 2361 483 2414 medus
500 2363 548 2424 est,
565 2357 634 2428 quod
651 2359 733 2412 codex
750 2361 837 2412 noster
854 2357 966 2425 optimus
983 2356 1062 2409 habet
1077 2355 1233 2424 aequitatem
1249 2364 1353 2412 metros
1370 2358 1451 2412 disce-

296 2448 430 2513 ptationis,
448 2448 467 2499 i.
481 2462 513 2510 e,
530 2446 554 2498 si
570 2447 597 2497 et
614 2444 704 2497 Cicero
721 2448 748 2497 et
764 2443 860 2497 tn'buni
882 2443 909 2495 in
926 2443 1045 2496 contione
1063 2442 1161 2507 adsint,
1188 2459 1294 2512 aequam
1315 2445 1371 2498 fore
1391 2461 1450 2499 con·

299 2531 443 2595 tentionem,
462 2547 494 2584 ex
508 2545 588 2599 aequo
606 2545 651 2582 eos
668 2529 864 2598 disceptaturos.
900 2527 939 2582 Gi.
957 2528 991 2581 ad
1008 2531 1072 2581 orat.
1088 2528 1114 2593 1,
1132 2528 1162 2592 7,
1179 2529 1220 2582 23.
1243 2558 1277 2568 -
1300 2531 1325 2583 si
1339 2531 1449 2585 videbar.

298 2613 465 2685 Corrumpunt
495 2616 649 2667 sententiam
662 2615 763 2682 ¹reliqui
779 2610 888 2666 ¹codices
910 2629 1052 2680 pronomen
1073 2615 1113 2666 cis·
1134 2614 1265 2669 addentes.
1300 2617 1450 2671 Ridiculum

299 2703 360 2754 euim
379 2715 459 2768 prope
477 2697 683 2762 'estOicemnem‚
701 2698 761 2750 dum
779 2698 946 2750 vehementer
962 2698 1080 2751 tribunos
1097 2702 1126 2751 ut
1142 2699 1170 2751 in
1187 2701 1451 2770 condonemreniant

298 2787 425 2849 admonet,
448 2785 542 2838 addere
563 2785 588 2837 si
607 2785 711 2838 videbe
733 2785 778 2837 eis.
814 2783 850 2837 At
867 2785 972 2837 absente
995 2784 1039 2836 illo
1058 2787 1207 2852 pronomine
1229 2788 1255 2839 si
1274 2787 1377 2840 videtur
1393 2803 1451 2855 per·

297 2870 383 2937 inebit
401 2871 434 2923 ad
451 2869 583 2938 populum,
602 2867 675 2922 cuius
693 2869 887 2937 benignitatem,
905 2871 934 2921 ut
951 2884 1024 2922 suam
1041 2884 1099 2921 cum
1111 2870 1221 2922 tribunis
1239 2870 1449 2939 disceptationem

298 2956 379 3010 noire
396 2955 487 3019 vellet,
509 2953 651 3007 rectissime
669 2953 758 3006 Cicero
775 2952 929 3021 requirebat.
968 2954 1208 3008 Animadvertamus
1226 2957 1311 3008 autem
1329 2956 1354 3010 h.
1370 2956 1388 3008 l.
1406 2973 1450 3026 ap-

298 3042 382 3106 pellari
400 3056 491 3103 assam,
509 3040 526 3092 ἰ
544 3055 567 3092 e.
586 3039 726 3104 Ciceronis,
743 3040 898 3104 contionem
920 3055 952 3092 ea
969 3040 1037 3093 enim
1055 3040 1178 3109 cuiusque
1200 3045 1242 3095 est
1258 3043 1355 3108 contio,
1373 3059 1448 3112 quarn
1490 3081 1502 3097 ,

298 3129 398 3196 quisque
417 3127 581 3190 convocavit,
602 3127 644 3178 cui
667 3127 775 3196 quisque
791 3131 902 3196 praeest
938 3127 974 3180 At
990 3126 1059 3180 infra
1075 3129 1090 3195 5
1109 3127 1140 3181 16
1158 3135 1245 3182 vestra
1268 3129 1352 3182 contio
1374 3129 1449 3182 aliter

299 3209 393 3267 dicitur.

375 3298 401 3351 ’2.
415 3298 539 3366 prosim
550 3313 608 3351 msa
625 3298 751 3362 cantone,
762 3298 780 3350 i.
793 3314 816 3352 e.
828 3315 868 3364 ea,
885 3315 962 3369 quam
976 3302 1034 3353 ante
1047 3299 1079 3353 de
1096 3300 1153 3369 lege
1166 3301 1267 3371 agraria
1285 3301 1353 3371 apud
1366 3316 1449 3373 popo·

299 3378 346 3438 lom
363 3383 497 3450 habuerat,
515 3386 638 3450 oratione,
655 3387 683 3438 iu
700 3402 751 3454 qua
768 3385 816 3451 37,
835 3387 885 3440 102
903 3388 941 3440 sic
963 3389 1011 3441 ait:
1038 3385 1073 3440 Si
1089 3394 1167 3440 antea
1190 3388 1342 3454 amassem,
1366 3397 1450 3444 minen

298 3467 342 3524 lac
358 3471 486 3537 centone,
503 3473 551 3526 boc
562 3473 662 3542 popolo
679 3480 747 3526 certe
764 3490 816 3526 noa
832 3490 944 3527 emera.
976 3473 1040 3537 Quis
1058 3473 1125 3527 enim
1136 3492 1250 3542 anquam
1268 3483 1321 3529 tam
1337 3477 1450 3529 secando

296 3557 408 3610 mancae
425 3558 505 3626 tepens
516 3558 652 3625 agrariam
668 3558 753 3610 suasit
769 3574 846 3624 qaam
863 3573 910 3626 epo
925 3557 1058 3610 dissuasit
1073 3586 1107 3596 -
1125 3558 1194 3611 nibil
1208 3559 1240 3611 de
1250 3575 1291 3611 me
1302 3560 1450 3613 credidistis
1470 3552 1485 3579 “

297 3640 401 3697 hbunis
418 3641 501 3711 plebis
519 3657 560 3695 mo
577 3641 779 3695 criminantibus.
808 3641 889 3694 Paulo
908 3646 968 3711 post
977 3656 1026 3710 pro
1043 3658 1074 3695 eo
1091 3641 1159 3711 quod
1177 3639 1259 3694 adhric
1277 3644 1400 3698 edebatur
1417 3659 1450 3698 ex

297 3728 409 3784 aticum
426 3729 578 3782 auctoritate
591 3728 716 3797 probabo,
733 3728 867 3782 Ernestius
884 3729 1037 3782 coniiciebat
1049 3728 1173 3797 probaro,
1191 3727 1260 3795 quod
1277 3730 1328 3781 etsi
1338 3744 1396 3783 non
1413 3731 1450 3784 ri·

297 3811 364 3869 taur
382 3829 442 3868 csse
458 3815 631 3868 necessarium
648 3817 704 3880 (cur
721 3815 789 3868 enim
806 3829 859 3868 non
875 3815 1053 3883 probationem
1065 3815 1097 3878 ei,
1115 3814 1184 3882 quod
1199 3813 1313 3868 dicturus
1332 3818 1379 3880 est,
1393 3831 1450 3869 suc·

297 3915 424 3971 mauram
435 3915 493 3955 esse
505 3899 668 3968 significett),
685 3917 743 3954 cum
754 3901 861 3954 tamen
852 3917 880 3954 m
893 3902 990 3970 optimo
1002 3901 1118 3955 codicum
1135 3904 1282 3954 nostrorum
1298 3904 1450 3972 reperiatur,

297 3988 407 4058 waipere
424 4003 477 4041 uon
494 3986 674 4041 dubitavimus.

376 4073 403 4128 3.
421 4079 517 4142 septem
534 4072 661 4140 wasme.
700 4071 793 4126 Facete
814 4073 852 4126 ita
870 4089 886 4126 a
903 4071 978 4142 plebe
1001 4014 1196 4141 appellabantur
1218 4076 1315 4142 septem
1339 4072 1449 4127 civitatis

297 4161 436 4231 principes,
459 4159 504 4228 qui
527 4158 649 4212 Sullanae
671 4158 854 4215 dominationis
877 4164 993 4230 tempore
1014 4160 1056 4214 vel
1080 4161 1142 4213 ab
1134 4176 1193 4229 apso
1214 4161 1338 4214 dictatore
1360 4172 1449 4229 agrum

297 4246 425 4314 publicum
443 4245 510 4299 dono
529 4249 681 4313 acceperant
696 4245 738 4300 vel
755 4261 845 4315 agrum
863 4247 920 4300 aliis
939 4247 1050 4300 divisum
1068 4250 1213 4300 coemerent
1229 4246 1271 4311 (ci.
1281 4249 1346 4300 orat.
1356 4245 1389 4310 H,
1406 4245 1448 4311 28,

296 4330 438 4389 aarum
454 4332 530 4403 514).
559 4331 589 4385 Ιι
606 4346 693 4385 eorum
710 4347 816 4386 numero
833 4333 913 4386 fuisse
929 4333 1063 4401 probabile
1081 4335 1121 4385 est
1131 4331 1160 4386 L.
1174 4336 1200 4384 et
1212 4333 1246 4386 ll.
1258 4331 1387 4397 Lucullos,
1405 4334 1450 4401 qui

296 4417 392 4475 dudam
410 4421 516 4473 ebenus
533 4416 692 4482 adiuvarent,
710 4422 737 4471 et
753 4419 787 4472 ll
805 4419 934 4483 Crassum,
951 4434 1026 4488 quem
1045 4419 1097 4472 illis
1114 4419 1272 4487 temporibus
1295 4418 1329 4471 ad
1346 4418 1449 4473 diuitias

296 4503 451 4574 eoffigendas
468 4518 545 4556 usum
561 4515 618 4555 esse
635 4504 749 4566 constst3
772 4502 819 4555 sed
835 4517 912 4572 qnos
910 4507 1050 4573 praeterea
1067 4504 1201 4558 Turnebus
1218 4504 1341 4569 nominat,
1361 4503 1449 4557 lietel

295 4587 364 4656 lem,
369 4589 544 4654 Hortensium,
560 4587 716 4656 Philippum,
733 4585 875 4657 (iatulum,
879 4589 911 4642 de
929 4590 1075 4644 coniectura
1091 4591 1208 4644 nommat
1220 4605 1327 4659 prorsus
1342 4590 1447 4644 incerta.

295 4674 373 4732 Panlo
385 4681 455 4748 post
468 4677 581 4733 codicem
592 4675 656 4744 Lag
668 4675 684 4730 9
701 4662 926 4731 messuimus
944 4675 1073 4730 meede
1083 4683 1181 4741 essem
1197 4691 1258 4729 nam
1273 4675 1341 4746 quod
1357 4674 1448 4743 moiri
