<?xml version="1.0" encoding="UTF-8"?>
<!DOCTYPE html PUBLIC "-//W3C//DTD XHTML 1.0 Transitional//EN"
    "http://www.w3.org/TR/xhtml1/DTD/xhtml1-transitional.dtd">
<html xmlns="http://www.w3.org/1999/xhtml" xml:lang="en" lang="en">
 <head>
  <title>
</title>
<meta http-equiv="Content-Type" content="text/html;charset=utf-8" />
  <meta name='ocr-system' content='tesseract 3.04.00' />
  <meta name='ocr-capabilities' content='ocr_page ocr_carea ocr_par ocr_line ocrx_word'/>
</head>
<body>
  <div class='ocr_page' id='page_1' title='image "./orationestresde00cicegoog/orationestresde00cicegoog_0130.png"; bbox 0 0 3550 5492; ppageno 0'>
   <div class='ocr_carea' id='block_1_1' title="bbox 778 598 989 660">
    <p class='ocr_par' dir='ltr' id='par_1_1' title="bbox 778 598 989 660">
     <span class='ocr_line' id='line_1_1' title="bbox 778 598 989 660; baseline -0.005 -14"><span class='ocrx_word' id='word_1_1' title='bbox 778 598 989 660; x_wconf 59' lang='lat'>‚90-</span> 
     </span>
    </p>
   </div>
   <div class='ocr_carea' id='block_1_2' title="bbox 309 758 1461 1048">
    <p class='ocr_par' dir='ltr' id='par_1_2' title="bbox 309 758 1461 1048">
     <span class='ocr_line' id='line_1_2' title="bbox 309 758 1459 843; baseline 0.006 -21"><span class='ocrx_word' id='word_1_2' title='bbox 309 758 488 843; x_wconf 91' lang='lat' dir='ltr'>religionem</span> <span class='ocrx_word' id='word_1_3' title='bbox 511 761 617 825; x_wconf 91' lang='lat' dir='ltr'>sedum</span> <span class='ocrx_word' id='word_1_4' title='bbox 633 762 756 827; x_wconf 92' lang='lat' dir='ltr'>illarum</span> <span class='ocrx_word' id='word_1_5' title='bbox 778 782 812 824; x_wconf 91' lang='lat' dir='ltr'>ac</span> <span class='ocrx_word' id='word_1_6' title='bbox 834 760 997 825; x_wconf 82' lang='lat' dir='ltr'>vetustatis</span> <span class='ocrx_word' id='word_1_7' title='bbox 1019 760 1056 825; x_wconf 90' lang='lat' dir='ltr'>de</span> <span class='ocrx_word' id='word_1_8' title='bbox 1071 761 1192 827; x_wconf 90' lang='lat' dir='ltr'>consilii</span> <span class='ocrx_word' id='word_1_9' title='bbox 1213 764 1382 829; x_wconf 86' lang='lat' dir='ltr'>sententia</span> <span class='ocrx_word' id='word_1_10' title='bbox 1401 784 1459 829; x_wconf 85' lang='lat' dir='ltr'>rou·</span> 
     </span>
     <span class='ocr_line' id='line_1_3' title="bbox 310 861 1461 953; baseline 0.006 -27"><span class='ocrx_word' id='word_1_11' title='bbox 310 861 441 927; x_wconf 82' lang='lat' dir='ltr'>secrevit</span> <span class='ocrx_word' id='word_1_12' title='bbox 463 882 519 927; x_wconf 91' lang='lat' dir='ltr'>nec</span> <span class='ocrx_word' id='word_1_13' title='bbox 540 870 577 929; x_wconf 93' lang='lat' dir='ltr'>ut</span> <span class='ocrx_word' id='word_1_14' title='bbox 597 864 664 948; x_wconf 90' lang='lat' dir='ltr'>ipse</span> <span class='ocrx_word' id='word_1_15' title='bbox 684 864 768 928; x_wconf 91' lang='lat' dir='ltr'>locus</span> <span class='ocrx_word' id='word_1_16' title='bbox 791 884 905 942; x_wconf 89' lang='lat' dir='ltr'>eorum,</span> <span class='ocrx_word' id='word_1_17' title='bbox 928 862 981 946; x_wconf 90' lang='lat' dir='ltr'>qui</span> <span class='ocrx_word' id='word_1_18' title='bbox 1003 884 1075 926; x_wconf 91' lang='lat' dir='ltr'>cum</span> <span class='ocrx_word' id='word_1_19' title='bbox 1095 862 1154 927; x_wconf 86' lang='lat' dir='ltr'>hec</span> <span class='ocrx_word' id='word_1_20' title='bbox 1174 864 1256 929; x_wconf 92' lang='lat' dir='ltr'>urbe</span> <span class='ocrx_word' id='word_1_21' title='bbox 1278 864 1321 931; x_wconf 85' lang='lat' dir='ltr'>de</span> <span class='ocrx_word' id='word_1_22' title='bbox 1344 866 1461 953; x_wconf 86' lang='lat' dir='ltr'>imperio</span> 
     </span>
     <span class='ocr_line' id='line_1_4' title="bbox 309 963 1461 1048; baseline 0.006 -20"><span class='ocrx_word' id='word_1_23' title='bbox 309 963 518 1047; x_wconf 78' lang='lat' dir='ltr'>decertarunt,</span> <span class='ocrx_word' id='word_1_24' title='bbox 546 964 677 1048; x_wconf 86' lang='lat' dir='ltr'>vestigia</span> <span class='ocrx_word' id='word_1_25' title='bbox 704 964 887 1030; x_wconf 77' lang='lat' dir='ltr'><strong>calamitatis</strong></span> <span class='ocrx_word' id='word_1_26' title='bbox 916 963 1103 1047; x_wconf 78' lang='lat' dir='ltr'>ostenderet,</span> <span class='ocrx_word' id='word_1_27' title='bbox 1136 964 1191 1028; x_wconf 89' lang='lat' dir='ltr'>sed</span> <span class='ocrx_word' id='word_1_28' title='bbox 1218 985 1286 1031; x_wconf 89' lang='lat' dir='ltr'>non</span> <span class='ocrx_word' id='word_1_29' title='bbox 1313 966 1385 1034; x_wconf 80' lang='lat' dir='ltr'>fuit</span> <span class='ocrx_word' id='word_1_30' title='bbox 1408 972 1461 1035; x_wconf 81' lang='lat' dir='ltr'>tam</span> 
     </span>
    </p>
   </div>
   <div class='ocr_carea' id='block_1_3' title="bbox 308 1067 1464 1569">
    <p class='ocr_par' dir='ltr' id='par_1_3' title="bbox 310 1067 1462 1234">
     <span class='ocr_line' id='line_1_5' title="bbox 310 1067 1462 1157; baseline 0.005 -27"><span class='ocrx_word' id='word_1_31' title='bbox 310 1067 450 1150; x_wconf 90' lang='lat' dir='ltr'>diligens,</span> <span class='ocrx_word' id='word_1_32' title='bbox 473 1090 565 1154; x_wconf 91' lang='lat' dir='ltr'>quam</span> <span class='ocrx_word' id='word_1_33' title='bbox 586 1073 634 1134; x_wconf 89' lang='lat' dir='ltr'>cst</span> <span class='ocrx_word' id='word_1_34' title='bbox 645 1069 764 1152; x_wconf 88' lang='lat' dir='ltr'>Rullus,</span> <span class='ocrx_word' id='word_1_35' title='bbox 788 1075 841 1134; x_wconf 93' lang='lat' dir='ltr'>aut</span> <span class='ocrx_word' id='word_1_36' title='bbox 860 1070 989 1135; x_wconf 87' lang='lat' dir='ltr'>fortasse</span> <span class='ocrx_word' id='word_1_37' title='bbox 1011 1073 1179 1153; x_wconf 85' lang='lat' dir='ltr'>emptorem</span> <span class='ocrx_word' id='word_1_38' title='bbox 1200 1067 1232 1133; x_wconf 88' lang='lat' dir='ltr'>ei</span> <span class='ocrx_word' id='word_1_39' title='bbox 1245 1068 1318 1135; x_wconf 90' lang='lat' dir='ltr'>loco</span> <span class='ocrx_word' id='word_1_40' title='bbox 1339 1071 1462 1157; x_wconf 86' lang='lat' dir='ltr'>reperire</span> 
     </span>
     <span class='ocr_line' id='line_1_6' title="bbox 468 1191 502 1234; baseline 0.029 -1"><span class='ocrx_word' id='word_1_41' title='bbox 468 1191 479 1233; x_wconf 91' lang='lat'>1</span> <span class='ocrx_word' id='word_1_42' title='bbox 495 1219 502 1234; x_wconf 93' lang='lat'><strong>.</strong></span> 
     </span>
    </p>

    <p class='ocr_par' dir='ltr' id='par_1_4' title="bbox 310 1176 1463 1359">
     <span class='ocr_line' id='line_1_7' title="bbox 310 1176 1463 1359; baseline 0.004 -23"><span class='ocrx_word' id='word_1_43' title='bbox 310 1191 372 1235; x_wconf 65' lang='lat' dir='ltr'>non</span> <span class='ocrx_word' id='word_1_44' title='bbox 393 1176 509 1339; x_wconf 61' lang='lat' dir='ltr'>IVocetihrt&#39;n</span> <span class='ocrx_word' id='word_1_45' title='bbox 531 1274 612 1339; x_wconf 91' lang='lat' dir='ltr'>inter</span> <span class='ocrx_word' id='word_1_46' title='bbox 633 1275 687 1340; x_wconf 91' lang='lat' dir='ltr'>hos</span> <span class='ocrx_word' id='word_1_47' title='bbox 710 1295 797 1358; x_wconf 87' lang='lat' dir='ltr'>agros</span> <span class='ocrx_word' id='word_1_48' title='bbox 820 1274 927 1358; x_wconf 89' lang='lat' dir='ltr'>regios,</span> <span class='ocrx_word' id='word_1_49' title='bbox 951 1279 1052 1359; x_wconf 90' lang='lat' dir='ltr'>captos</span> <span class='ocrx_word' id='word_1_50' title='bbox 1067 1273 1222 1339; x_wconf 89' lang='lat' dir='ltr'>veteribus</span> <span class='ocrx_word' id='word_1_51' title='bbox 1238 1273 1337 1340; x_wconf 86' lang='lat' dir='ltr'>bellis</span> <span class='ocrx_word' id='word_1_52' title='bbox 1361 1274 1463 1341; x_wconf 87' lang='lat' dir='ltr'>virtute</span> 
     </span>
    </p>

    <p class='ocr_par' dir='ltr' id='par_1_5' title="bbox 311 1375 1464 1464">
     <span class='ocr_line' id='line_1_8' title="bbox 311 1375 1464 1464; baseline 0.002 -23"><span class='ocrx_word' id='word_1_53' title='bbox 311 1398 501 1441; x_wconf 90' lang='lat' dir='ltr'>summorum</span> <span class='ocrx_word' id='word_1_54' title='bbox 521 1377 750 1464; x_wconf 86' lang='lat' dir='ltr'>imperatorum,</span> <span class='ocrx_word' id='word_1_55' title='bbox 771 1376 913 1459; x_wconf 89' lang='lat' dir='ltr'>adiungit</span> <span class='ocrx_word' id='word_1_56' title='bbox 934 1376 1032 1460; x_wconf 89' lang='lat' dir='ltr'>regios</span> <span class='ocrx_word' id='word_1_57' title='bbox 1062 1395 1150 1459; x_wconf 89' lang='lat' dir='ltr'>agros</span> <span class='ocrx_word' id='word_1_58' title='bbox 1173 1375 1397 1460; x_wconf 80' lang='lat' dir='ltr'>Mithridatis,</span> <span class='ocrx_word' id='word_1_59' title='bbox 1422 1375 1464 1461; x_wconf 84' lang='lat' dir='ltr'>qui</span> 
     </span>
    </p>

    <p class='ocr_par' dir='ltr' id='par_1_6' title="bbox 308 1479 1464 1569">
     <span class='ocr_line' id='line_1_9' title="bbox 308 1479 1464 1569; baseline 0 -24"><span class='ocrx_word' id='word_1_60' title='bbox 308 1482 341 1545; x_wconf 93' lang='lat' dir='ltr'>in</span> <span class='ocrx_word' id='word_1_61' title='bbox 365 1482 583 1567; x_wconf 83' lang='lat' dir='ltr'>Paphlagonia,</span> <span class='ocrx_word' id='word_1_62' title='bbox 605 1482 660 1567; x_wconf 92' lang='lat' dir='ltr'>qui</span> <span class='ocrx_word' id='word_1_63' title='bbox 682 1482 715 1546; x_wconf 94' lang='lat' dir='ltr'>in</span> <span class='ocrx_word' id='word_1_64' title='bbox 730 1482 837 1563; x_wconf 91' lang='lat' dir='ltr'>Ponto,</span> <span class='ocrx_word' id='word_1_65' title='bbox 860 1481 914 1568; x_wconf 90' lang='lat' dir='ltr'>qui</span> <span class='ocrx_word' id='word_1_66' title='bbox 935 1481 969 1545; x_wconf 93' lang='lat' dir='ltr'>in</span> <span class='ocrx_word' id='word_1_67' title='bbox 985 1479 1176 1569; x_wconf 78' lang='lat' dir='ltr'>Cappadocia</span> <span class='ocrx_word' id='word_1_68' title='bbox 1196 1481 1344 1566; x_wconf 81' lang='lat' dir='ltr'>fuerunt,</span> <span class='ocrx_word' id='word_1_69' title='bbox 1368 1485 1407 1549; x_wconf 91' lang='lat' dir='ltr'>ut</span> <span class='ocrx_word' id='word_1_70' title='bbox 1424 1499 1464 1545; x_wconf 86' lang='lat' dir='ltr'>eos</span> 
     </span>
    </p>
   </div>
   <div class='ocr_carea' id='block_1_4' title="bbox 394 1638 616 1688">
    <p class='ocr_par' dir='ltr' id='par_1_7' title="bbox 394 1638 616 1688">
     <span class='ocr_line' id='line_1_10' title="bbox 394 1638 616 1688; baseline 0.005 -13"><span class='ocrx_word' id='word_1_71' title='bbox 394 1638 483 1688; x_wconf 75' lang='lat' dir='ltr'>imperio</span> <span class='ocrx_word' id='word_1_72' title='bbox 497 1641 616 1679; x_wconf 79' lang='lat' dir='ltr'>certarunt.</span> 
     </span>
    </p>
   </div>
   <div class='ocr_carea' id='block_1_5' title="bbox 204 1773 1468 4767">
    <p class='ocr_par' dir='ltr' id='par_1_8' title="bbox 204 1773 1468 4767">
     <span class='ocr_line' id='line_1_11' title="bbox 308 1773 1465 1849; baseline 0.001 -21"><span class='ocrx_word' id='word_1_73' title='bbox 308 1776 476 1839; x_wconf 80' lang='lat' dir='ltr'>consecravit,</span> <span class='ocrx_word' id='word_1_74' title='bbox 494 1778 545 1829; x_wconf 89' lang='lat' dir='ltr'>tres</span> <span class='ocrx_word' id='word_1_75' title='bbox 563 1789 653 1828; x_wconf 90' lang='lat' dir='ltr'>causas</span> <span class='ocrx_word' id='word_1_76' title='bbox 672 1774 811 1843; x_wconf 89' lang='lat' dir='ltr'>aequaliter</span> <span class='ocrx_word' id='word_1_77' title='bbox 835 1774 955 1837; x_wconf 82' lang='lat' dir='ltr'>afferens,</span> <span class='ocrx_word' id='word_1_78' title='bbox 977 1773 1104 1842; x_wconf 90' lang='lat' dir='ltr'>quomodo</span> <span class='ocrx_word' id='word_1_79' title='bbox 1122 1789 1199 1842; x_wconf 92' lang='lat' dir='ltr'>quam</span> <span class='ocrx_word' id='word_1_80' title='bbox 1222 1788 1336 1827; x_wconf 86' lang='lat' dir='ltr'>eausam</span> <span class='ocrx_word' id='word_1_81' title='bbox 1362 1774 1465 1849; x_wconf 75' lang='lat' dir='ltr'>valuisse</span> 
     </span>
     <span class='ocr_line' id='line_1_12' title="bbox 204 1852 1464 1932; baseline -0.001 -18"><span class='ocrx_word' id='word_1_82' title='bbox 204 1852 236 1891; x_wconf 71' lang='lat'><strong>⁴</strong></span> <span class='ocrx_word' id='word_1_83' title='bbox 307 1862 351 1915; x_wconf 91' lang='lat' dir='ltr'>illo</span> <span class='ocrx_word' id='word_1_84' title='bbox 368 1862 424 1915; x_wconf 95' lang='lat' dir='ltr'>loco</span> <span class='ocrx_word' id='word_1_85' title='bbox 442 1861 515 1926; x_wconf 82' lang='lat' dir='ltr'>dixit,</span> <span class='ocrx_word' id='word_1_86' title='bbox 533 1860 640 1914; x_wconf 91' lang='lat' dir='ltr'>eandem</span> <span class='ocrx_word' id='word_1_87' title='bbox 657 1861 706 1913; x_wconf 91' lang='lat' dir='ltr'>hoc</span> <span class='ocrx_word' id='word_1_88' title='bbox 723 1875 816 1929; x_wconf 86' lang='lat' dir='ltr'>negare</span> <span class='ocrx_word' id='word_1_89' title='bbox 833 1861 934 1929; x_wconf 84' lang='lat' dir='ltr'>potuit?</span> <span class='ocrx_word' id='word_1_90' title='bbox 968 1860 1042 1913; x_wconf 93' lang='lat' dir='ltr'>Nunc</span> <span class='ocrx_word' id='word_1_91' title='bbox 1060 1859 1186 1930; x_wconf 90' lang='lat' dir='ltr'>quomodo</span> <span class='ocrx_word' id='word_1_92' title='bbox 1209 1860 1276 1914; x_wconf 91' lang='lat' dir='ltr'>haec</span> <span class='ocrx_word' id='word_1_93' title='bbox 1300 1860 1464 1932; x_wconf 82' lang='lat' dir='ltr'>intelligenda</span> 
     </span>
     <span class='ocr_line' id='line_1_13' title="bbox 310 1942 1465 2017; baseline 0.002 -18"><span class='ocrx_word' id='word_1_94' title='bbox 310 1947 363 1999; x_wconf 91' lang='lat' dir='ltr'>sint</span> <span class='ocrx_word' id='word_1_95' title='bbox 381 1948 495 2013; x_wconf 91' lang='lat' dir='ltr'>apparet.</span> <span class='ocrx_word' id='word_1_96' title='bbox 535 1942 660 1997; x_wconf 76' lang='lat' dir='ltr'>Videlicet</span> <span class='ocrx_word' id='word_1_97' title='bbox 675 1945 783 1996; x_wconf 86' lang='lat' dir='ltr'>ironiam</span> <span class='ocrx_word' id='word_1_98' title='bbox 800 1943 935 2013; x_wconf 89' lang='lat' dir='ltr'>significat,</span> <span class='ocrx_word' id='word_1_99' title='bbox 953 1962 1017 2015; x_wconf 88' lang='lat' dir='ltr'>quas</span> <span class='ocrx_word' id='word_1_100' title='bbox 1034 1961 1124 1999; x_wconf 84' lang='lat' dir='ltr'>causas</span> <span class='ocrx_word' id='word_1_101' title='bbox 1148 1960 1212 1999; x_wconf 89' lang='lat' dir='ltr'>unas</span> <span class='ocrx_word' id='word_1_102' title='bbox 1231 1944 1410 2017; x_wconf 82' lang='lat' dir='ltr'>Carthaginis</span> <span class='ocrx_word' id='word_1_103' title='bbox 1425 1962 1465 2001; x_wconf 83' lang='lat' dir='ltr'>non</span> 
     </span>
     <span class='ocr_line' id='line_1_14' title="bbox 309 2028 1465 2103; baseline 0.002 -20"><span class='ocrx_word' id='word_1_104' title='bbox 309 2031 428 2085; x_wconf 85' lang='lat' dir='ltr'>venditae</span> <span class='ocrx_word' id='word_1_105' title='bbox 456 2028 545 2083; x_wconf 82' lang='lat' dir='ltr'>afferre</span> <span class='ocrx_word' id='word_1_106' title='bbox 572 2031 655 2098; x_wconf 90' lang='lat' dir='ltr'>possit</span> <span class='ocrx_word' id='word_1_107' title='bbox 672 2030 771 2095; x_wconf 82' lang='lat' dir='ltr'>Rullus,</span> <span class='ocrx_word' id='word_1_108' title='bbox 798 2046 842 2083; x_wconf 91' lang='lat' dir='ltr'>eas</span> <span class='ocrx_word' id='word_1_109' title='bbox 863 2047 920 2085; x_wconf 90' lang='lat' dir='ltr'>esse</span> <span class='ocrx_word' id='word_1_110' title='bbox 946 2032 1074 2096; x_wconf 89' lang='lat' dir='ltr'>ridiculas,</span> <span class='ocrx_word' id='word_1_111' title='bbox 1100 2030 1218 2085; x_wconf 90' lang='lat' dir='ltr'>nimirum</span> <span class='ocrx_word' id='word_1_112' title='bbox 1244 2030 1311 2097; x_wconf 87' lang='lat' dir='ltr'>has,</span> <span class='ocrx_word' id='word_1_113' title='bbox 1340 2032 1415 2103; x_wconf 91' lang='lat' dir='ltr'>quod</span> <span class='ocrx_word' id='word_1_114' title='bbox 1429 2034 1465 2085; x_wconf 84' lang='lat' dir='ltr'>aut</span> 
     </span>
     <span class='ocr_line' id='line_1_15' title="bbox 310 2113 1464 2186; baseline 0.003 -18"><span class='ocrx_word' id='word_1_115' title='bbox 310 2117 394 2168; x_wconf 91' lang='lat' dir='ltr'>minus</span> <span class='ocrx_word' id='word_1_116' title='bbox 413 2114 522 2181; x_wconf 85' lang='lat' dir='ltr'>diligens</span> <span class='ocrx_word' id='word_1_117' title='bbox 545 2113 623 2166; x_wconf 83' lang='lat' dir='ltr'>fuerit</span> <span class='ocrx_word' id='word_1_118' title='bbox 640 2114 777 2167; x_wconf 78' lang='lat' dir='ltr'>Africanus</span> <span class='ocrx_word' id='word_1_119' title='bbox 793 2115 823 2178; x_wconf 85' lang='lat' dir='ltr'>(i.</span> <span class='ocrx_word' id='word_1_120' title='bbox 842 2131 863 2167; x_wconf 87' lang='lat' dir='ltr'>c.</span> <span class='ocrx_word' id='word_1_121' title='bbox 887 2117 971 2170; x_wconf 91' lang='lat' dir='ltr'>minus</span> <span class='ocrx_word' id='word_1_122' title='bbox 989 2133 1095 2186; x_wconf 86' lang='lat' dir='ltr'>parcus,</span> <span class='ocrx_word' id='word_1_123' title='bbox 1120 2116 1205 2170; x_wconf 91' lang='lat' dir='ltr'>minus</span> <span class='ocrx_word' id='word_1_124' title='bbox 1228 2119 1367 2184; x_wconf 87' lang='lat' dir='ltr'>attentus,</span> <span class='ocrx_word' id='word_1_125' title='bbox 1389 2118 1464 2172; x_wconf 80' lang='grc' dir='ltr'>ιιιίιιιι</span> 
     </span>
     <span class='ocr_line' id='line_1_16' title="bbox 310 2198 1464 2271; baseline 0 -18"><span class='ocrx_word' id='word_1_126' title='bbox 310 2200 435 2269; x_wconf 90' lang='lat' dir='ltr'>pecuniae</span> <span class='ocrx_word' id='word_1_127' title='bbox 452 2198 568 2267; x_wconf 90' lang='lat' dir='ltr'>cupidus,</span> <span class='ocrx_word' id='word_1_128' title='bbox 587 2198 668 2253; x_wconf 90' lang='lat' dir='ltr'>electo</span> <span class='ocrx_word' id='word_1_129' title='bbox 687 2200 718 2252; x_wconf 90' lang='lat' dir='ltr'>de</span> <span class='ocrx_word' id='word_1_130' title='bbox 730 2200 855 2253; x_wconf 89' lang='lat' dir='ltr'>industria</span> <span class='ocrx_word' id='word_1_131' title='bbox 866 2201 999 2265; x_wconf 83' lang='lat' dir='ltr'>vocabulo,</span> <span class='ocrx_word' id='word_1_132' title='bbox 1017 2201 1084 2271; x_wconf 91' lang='lat' dir='ltr'>quod</span> <span class='ocrx_word' id='word_1_133' title='bbox 1095 2201 1207 2255; x_wconf 89' lang='lat' dir='ltr'>medium</span> <span class='ocrx_word' id='word_1_134' title='bbox 1224 2205 1266 2254; x_wconf 85' lang='lat' dir='ltr'>est</span> <span class='ocrx_word' id='word_1_135' title='bbox 1280 2203 1356 2256; x_wconf 88' lang='lat' dir='ltr'>inter</span> <span class='ocrx_word' id='word_1_136' title='bbox 1373 2200 1464 2256; x_wconf 86' lang='lat' dir='ltr'>laudem</span> 
     </span>
     <span class='ocr_line' id='line_1_17' title="bbox 309 2286 1465 2357; baseline 0.004 -18"><span class='ocrx_word' id='word_1_137' title='bbox 309 2289 336 2339; x_wconf 92' lang='lat' dir='ltr'>et</span> <span class='ocrx_word' id='word_1_138' title='bbox 352 2286 418 2337; x_wconf 86' lang='lat' dir='ltr'>inter</span> <span class='ocrx_word' id='word_1_139' title='bbox 429 2286 650 2354; x_wconf 76' lang='lat' dir='ltr'>vituperationem,</span> <span class='ocrx_word' id='word_1_140' title='bbox 668 2286 714 2339; x_wconf 88' lang='lat' dir='ltr'>sed</span> <span class='ocrx_word' id='word_1_141' title='bbox 730 2288 811 2355; x_wconf 87' lang='lat' dir='ltr'>magis</span> <span class='ocrx_word' id='word_1_142' title='bbox 824 2290 910 2339; x_wconf 85' lang='lat' dir='ltr'>tamen</span> <span class='ocrx_word' id='word_1_143' title='bbox 927 2288 960 2339; x_wconf 93' lang='lat' dir='ltr'>ad</span> <span class='ocrx_word' id='word_1_144' title='bbox 976 2287 1042 2341; x_wconf 91' lang='lat' dir='ltr'>hanc</span> <span class='ocrx_word' id='word_1_145' title='bbox 1058 2286 1175 2351; x_wconf 91' lang='lat' dir='ltr'>inclinat)</span> <span class='ocrx_word' id='word_1_146' title='bbox 1193 2289 1239 2340; x_wconf 85' lang='lat' dir='ltr'>aut</span> <span class='ocrx_word' id='word_1_147' title='bbox 1249 2291 1403 2357; x_wconf 85' lang='lat' dir='ltr'>emptorem</span> <span class='ocrx_word' id='word_1_148' title='bbox 1419 2286 1465 2356; x_wconf 76' lang='lat' dir='ltr'>agri</span> 
     </span>
     <span class='ocr_line' id='line_1_18' title="bbox 310 2370 1464 2441; baseline 0.004 -18"><span class='ocrx_word' id='word_1_149' title='bbox 310 2370 461 2424; x_wconf 82' lang='lat' dir='ltr'>fertilissimi</span> <span class='ocrx_word' id='word_1_150' title='bbox 479 2373 548 2435; x_wconf 92' lang='lat' dir='ltr'>(nam</span> <span class='ocrx_word' id='word_1_151' title='bbox 571 2373 676 2440; x_wconf 90' lang='lat' dir='ltr'>propter</span> <span class='ocrx_word' id='word_1_152' title='bbox 698 2371 878 2425; x_wconf 84' lang='lat' dir='ltr'>fecunditatem</span> <span class='ocrx_word' id='word_1_153' title='bbox 901 2371 1077 2425; x_wconf 84' lang='lat' dir='ltr'>celebrabatur</span> <span class='ocrx_word' id='word_1_154' title='bbox 1100 2387 1160 2440; x_wconf 87' lang='lat' dir='ltr'>ager</span> <span class='ocrx_word' id='word_1_155' title='bbox 1178 2370 1420 2441; x_wconf 76' lang='lat' dir='ltr'>Carthaginiensis)</span> <span class='ocrx_word' id='word_1_156' title='bbox 1434 2374 1464 2427; x_wconf 77' lang='lat' dir='ltr'>ia</span> 
     </span>
     <span class='ocr_line' id='line_1_19' title="bbox 309 2456 1464 2527; baseline 0.001 -17"><span class='ocrx_word' id='word_1_157' title='bbox 309 2458 396 2510; x_wconf 84' lang='lat' dir='ltr'>venire</span> <span class='ocrx_word' id='word_1_158' title='bbox 414 2474 465 2511; x_wconf 93' lang='lat' dir='ltr'>non</span> <span class='ocrx_word' id='word_1_159' title='bbox 483 2458 608 2527; x_wconf 88' lang='lat' dir='ltr'>potuerit:</span> <span class='ocrx_word' id='word_1_160' title='bbox 632 2460 720 2511; x_wconf 88' lang='lat' dir='ltr'>contra</span> <span class='ocrx_word' id='word_1_161' title='bbox 738 2473 811 2510; x_wconf 84' lang='lat' dir='ltr'>veras</span> <span class='ocrx_word' id='word_1_162' title='bbox 829 2473 920 2512; x_wconf 90' lang='lat' dir='ltr'>causas</span> <span class='ocrx_word' id='word_1_163' title='bbox 942 2472 999 2511; x_wconf 89' lang='lat' dir='ltr'>esse</span> <span class='ocrx_word' id='word_1_164' title='bbox 1021 2458 1062 2511; x_wconf 84' lang='lat' dir='ltr'>uel</span> <span class='ocrx_word' id='word_1_165' title='bbox 1080 2457 1209 2526; x_wconf 86' lang='lat' dir='ltr'>religionis</span> <span class='ocrx_word' id='word_1_166' title='bbox 1227 2456 1270 2509; x_wconf 80' lang='lat' dir='ltr'>rel</span> <span class='ocrx_word' id='word_1_167' title='bbox 1287 2458 1421 2513; x_wconf 82' lang='lat' dir='ltr'>victoriae</span> <span class='ocrx_word' id='word_1_168' title='bbox 1434 2460 1464 2511; x_wconf 75' lang='lat' dir='ltr'>te</span> 
     </span>
     <span class='ocr_line' id='line_1_20' title="bbox 310 2539 1463 2613; baseline 0 -17"><span class='ocrx_word' id='word_1_169' title='bbox 310 2542 424 2596; x_wconf 90' lang='lat' dir='ltr'>standae.</span> <span class='ocrx_word' id='word_1_170' title='bbox 459 2543 530 2608; x_wconf 83' lang='lat' dir='ltr'>Quae</span> <span class='ocrx_word' id='word_1_171' title='bbox 548 2545 633 2595; x_wconf 90' lang='lat' dir='ltr'>autem</span> <span class='ocrx_word' id='word_1_172' title='bbox 651 2558 707 2597; x_wconf 89' lang='lat' dir='ltr'>esse</span> <span class='ocrx_word' id='word_1_173' title='bbox 725 2543 809 2611; x_wconf 90' lang='lat' dir='ltr'>potuit</span> <span class='ocrx_word' id='word_1_174' title='bbox 831 2542 937 2610; x_wconf 87' lang='lat' dir='ltr'>religio,</span> <span class='ocrx_word' id='word_1_175' title='bbox 960 2557 1025 2610; x_wconf 83' lang='lat' dir='ltr'>quae</span> <span class='ocrx_word' id='word_1_176' title='bbox 1042 2541 1190 2595; x_wconf 83' lang='lat' dir='ltr'>Africanum</span> <span class='ocrx_word' id='word_1_177' title='bbox 1208 2539 1355 2610; x_wconf 87' lang='lat' dir='ltr'>decemque</span> <span class='ocrx_word' id='word_1_178' title='bbox 1372 2542 1463 2613; x_wconf 74' lang='lat' dir='ltr'>legatos</span> 
     </span>
     <span class='ocr_line' id='line_1_21' title="bbox 310 2624 1464 2695; baseline 0.003 -17"><span class='ocrx_word' id='word_1_179' title='bbox 310 2643 326 2678; x_wconf 90' lang='lat' dir='ltr'>a</span> <span class='ocrx_word' id='word_1_180' title='bbox 344 2630 436 2679; x_wconf 91' lang='lat' dir='ltr'>senatu</span> <span class='ocrx_word' id='word_1_181' title='bbox 454 2626 486 2678; x_wconf 90' lang='lat' dir='ltr'>ad</span> <span class='ocrx_word' id='word_1_182' title='bbox 504 2626 708 2679; x_wconf 89' lang='lat' dir='ltr'>constituendam</span> <span class='ocrx_word' id='word_1_183' title='bbox 725 2626 883 2695; x_wconf 84' lang='lat' dir='ltr'>provinciam</span> <span class='ocrx_word' id='word_1_184' title='bbox 900 2628 994 2681; x_wconf 87' lang='lat' dir='ltr'>missos</span> <span class='ocrx_word' id='word_1_185' title='bbox 1006 2627 1066 2692; x_wconf 92' lang='lat' dir='ltr'>(hoc</span> <span class='ocrx_word' id='word_1_186' title='bbox 1077 2627 1145 2680; x_wconf 90' lang='lat' dir='ltr'>enim</span> <span class='ocrx_word' id='word_1_187' title='bbox 1162 2624 1313 2694; x_wconf 87' lang='lat' dir='ltr'>appellatur</span> <span class='ocrx_word' id='word_1_188' title='bbox 1324 2624 1464 2689; x_wconf 67' lang='lat' dir='ltr'>oensem)</span> 
     </span>
     <span class='ocr_line' id='line_1_22' title="bbox 309 2711 1463 2784; baseline -0.001 -17"><span class='ocrx_word' id='word_1_189' title='bbox 309 2717 430 2778; x_wconf 83' lang='lat' dir='ltr'>moveret,</span> <span class='ocrx_word' id='word_1_190' title='bbox 448 2717 476 2767; x_wconf 91' lang='lat' dir='ltr'>ut</span> <span class='ocrx_word' id='word_1_191' title='bbox 493 2729 583 2783; x_wconf 90' lang='lat' dir='ltr'>agrum</span> <span class='ocrx_word' id='word_1_192' title='bbox 601 2713 838 2784; x_wconf 89' lang='lat' dir='ltr'>Carthaginiensem</span> <span class='ocrx_word' id='word_1_193' title='bbox 857 2716 1052 2767; x_wconf 79' lang='lat' dir='ltr'>consecrarent?</span> <span class='ocrx_word' id='word_1_194' title='bbox 1086 2712 1169 2775; x_wconf 83' lang='lat' dir='ltr'>llaec,</span> <span class='ocrx_word' id='word_1_195' title='bbox 1186 2713 1215 2764; x_wconf 89' lang='lat' dir='ltr'>ut</span> <span class='ocrx_word' id='word_1_196' title='bbox 1232 2711 1370 2779; x_wconf 86' lang='lat' dir='ltr'>existimo,</span> <span class='ocrx_word' id='word_1_197' title='bbox 1388 2712 1463 2781; x_wconf 87' lang='lat' dir='ltr'>opinio</span> 
     </span>
     <span class='ocr_line' id='line_1_23' title="bbox 310 2797 1462 2869; baseline -0.003 -15"><span class='ocrx_word' id='word_1_198' title='bbox 310 2802 342 2854; x_wconf 90' lang='lat' dir='ltr'>ab</span> <span class='ocrx_word' id='word_1_199' title='bbox 359 2801 541 2854; x_wconf 85' lang='lat' dir='ltr'>vetustissimis</span> <span class='ocrx_word' id='word_1_200' title='bbox 563 2802 720 2869; x_wconf 90' lang='lat' dir='ltr'>temporibus</span> <span class='ocrx_word' id='word_1_201' title='bbox 746 2801 855 2864; x_wconf 91' lang='lat' dir='ltr'>tradita,</span> <span class='ocrx_word' id='word_1_202' title='bbox 886 2815 962 2868; x_wconf 87' lang='lat' dir='ltr'>quam</span> <span class='ocrx_word' id='word_1_203' title='bbox 979 2798 1103 2867; x_wconf 85' lang='lat' dir='ltr'>Virgilius</span> <span class='ocrx_word' id='word_1_204' title='bbox 1126 2799 1216 2866; x_wconf 90' lang='lat' dir='ltr'>postea</span> <span class='ocrx_word' id='word_1_205' title='bbox 1238 2797 1268 2849; x_wconf 92' lang='lat' dir='ltr'>in</span> <span class='ocrx_word' id='word_1_206' title='bbox 1286 2797 1410 2851; x_wconf 84' lang='lat' dir='ltr'>Aeneide</span> <span class='ocrx_word' id='word_1_207' title='bbox 1428 2812 1462 2851; x_wconf 82' lang='lat' dir='ltr'>ex·</span> 
     </span>
     <span class='ocr_line' id='line_1_24' title="bbox 309 2883 1462 2956; baseline -0.001 -16"><span class='ocrx_word' id='word_1_208' title='bbox 309 2887 418 2956; x_wconf 88' lang='lat' dir='ltr'>pressit,</span> <span class='ocrx_word' id='word_1_209' title='bbox 442 2890 470 2940; x_wconf 89' lang='lat' dir='ltr'>ut</span> <span class='ocrx_word' id='word_1_210' title='bbox 486 2888 509 2940; x_wconf 88' lang='lat' dir='ltr'>si</span> <span class='ocrx_word' id='word_1_211' title='bbox 527 2903 577 2956; x_wconf 90' lang='lat' dir='ltr'>qua</span> <span class='ocrx_word' id='word_1_212' title='bbox 594 2888 655 2940; x_wconf 88' lang='lat' dir='ltr'>urbs</span> <span class='ocrx_word' id='word_1_213' title='bbox 672 2888 716 2941; x_wconf 90' lang='lat' dir='ltr'>illo</span> <span class='ocrx_word' id='word_1_214' title='bbox 732 2887 789 2940; x_wconf 91' lang='lat' dir='ltr'>loco</span> <span class='ocrx_word' id='word_1_215' title='bbox 807 2888 888 2951; x_wconf 87' lang='lat' dir='ltr'>esset,</span> <span class='ocrx_word' id='word_1_216' title='bbox 910 2901 967 2939; x_wconf 93' lang='lat' dir='ltr'>eam</span> <span class='ocrx_word' id='word_1_217' title='bbox 983 2886 1076 2939; x_wconf 91' lang='lat' dir='ltr'>lunoni</span> <span class='ocrx_word' id='word_1_218' title='bbox 1097 2900 1196 2938; x_wconf 90' lang='lat' dir='ltr'>sacram</span> <span class='ocrx_word' id='word_1_219' title='bbox 1213 2883 1369 2953; x_wconf 77' lang='lat' dir='ltr'>Romaeque</span> <span class='ocrx_word' id='word_1_220' title='bbox 1387 2899 1462 2939; x_wconf 77' lang='lat' dir='ltr'>semu</span> 
     </span>
     <span class='ocr_line' id='line_1_25' title="bbox 309 2970 1462 3043; baseline -0.003 -18"><span class='ocrx_word' id='word_1_221' title='bbox 309 2975 361 3026; x_wconf 87' lang='lat' dir='ltr'>lam</span> <span class='ocrx_word' id='word_1_222' title='bbox 379 2974 434 3027; x_wconf 89' lang='lat' dir='ltr'>fore</span> <span class='ocrx_word' id='word_1_223' title='bbox 451 2978 578 3042; x_wconf 90' lang='lat' dir='ltr'>putarent.</span> <span class='ocrx_word' id='word_1_224' title='bbox 605 2973 646 3027; x_wconf 90' lang='lat' dir='ltr'>lta</span> <span class='ocrx_word' id='word_1_225' title='bbox 662 2975 741 3043; x_wconf 87' lang='lat' dir='ltr'>igitur</span> <span class='ocrx_word' id='word_1_226' title='bbox 757 2972 894 3026; x_wconf 83' lang='lat' dir='ltr'>Africanus</span> <span class='ocrx_word' id='word_1_227' title='bbox 911 2976 1021 3025; x_wconf 86' lang='lat' dir='ltr'>veterem</span> <span class='ocrx_word' id='word_1_228' title='bbox 1040 2970 1221 3039; x_wconf 75' lang='lat' dir='ltr'>Carthaginem</span> <span class='ocrx_word' id='word_1_229' title='bbox 1236 2970 1462 3035; x_wconf 69' lang='lat' dir='ltr'>consecrauitie</span> 
     </span>
     <span class='ocr_line' id='line_1_26' title="bbox 310 3055 1462 3132; baseline -0.003 -19"><span class='ocrx_word' id='word_1_230' title='bbox 310 3061 359 3114; x_wconf 91' lang='lat' dir='ltr'>coli</span> <span class='ocrx_word' id='word_1_231' title='bbox 384 3061 417 3113; x_wconf 89' lang='lat' dir='ltr'>ab</span> <span class='ocrx_word' id='word_1_232' title='bbox 440 3061 586 3113; x_wconf 89' lang='lat' dir='ltr'>hominibus</span> <span class='ocrx_word' id='word_1_233' title='bbox 608 3061 701 3124; x_wconf 83' lang='lat' dir='ltr'>vetuit,</span> <span class='ocrx_word' id='word_1_234' title='bbox 729 3059 872 3132; x_wconf 78' lang='grc' dir='ltr'>ἐπηράσατο</span> <span class='ocrx_word' id='word_1_235' title='bbox 891 3057 916 3117; x_wconf 80' lang='grc' dir='ltr'>ἐς</span> <span class='ocrx_word' id='word_1_236' title='bbox 934 3059 972 3111; x_wconf 82' lang='grc' dir='ltr'>ἀεὶ</span> <span class='ocrx_word' id='word_1_237' title='bbox 989 3056 1133 3131; x_wconf 76' lang='grc' dir='ltr'><strong>μηλόβοτον</strong></span> <span class='ocrx_word' id='word_1_238' title='bbox 1152 3055 1225 3119; x_wconf 77' lang='lat' dir='ltr'>eleut,</span> <span class='ocrx_word' id='word_1_239' title='bbox 1246 3058 1278 3107; x_wconf 90' lang='lat' dir='ltr'>ut</span> <span class='ocrx_word' id='word_1_240' title='bbox 1300 3056 1340 3109; x_wconf 90' lang='lat' dir='ltr'>ait</span> <span class='ocrx_word' id='word_1_241' title='bbox 1358 3056 1462 3127; x_wconf 75' lang='lat' dir='ltr'>appar</span> 
     </span>
     <span class='ocr_line' id='line_1_27' title="bbox 308 3139 1461 3212; baseline -0.002 -13"><span class='ocrx_word' id='word_1_242' title='bbox 308 3146 367 3199; x_wconf 91' lang='lat' dir='ltr'>bell.</span> <span class='ocrx_word' id='word_1_243' title='bbox 386 3146 435 3199; x_wconf 83' lang='lat' dir='ltr'>cir.</span> <span class='ocrx_word' id='word_1_244' title='bbox 447 3146 467 3209; x_wconf 91' lang='lat' dir='ltr'>I,</span> <span class='ocrx_word' id='word_1_245' title='bbox 477 3146 518 3198; x_wconf 61' lang='grc' dir='ltr'>Ἃ.</span> <span class='ocrx_word' id='word_1_246' title='bbox 545 3146 658 3212; x_wconf 85' lang='lat' dir='ltr'>Eamque</span> <span class='ocrx_word' id='word_1_247' title='bbox 676 3146 709 3198; x_wconf 96' lang='lat' dir='ltr'>ob</span> <span class='ocrx_word' id='word_1_248' title='bbox 726 3145 942 3197; x_wconf 87' lang='lat' dir='ltr'>consecrationem</span> <span class='ocrx_word' id='word_1_249' title='bbox 959 3146 985 3196; x_wconf 90' lang='lat' dir='ltr'>et</span> <span class='ocrx_word' id='word_1_250' title='bbox 1003 3158 1067 3211; x_wconf 88' lang='lat' dir='ltr'>quae</span> <span class='ocrx_word' id='word_1_251' title='bbox 1084 3141 1186 3196; x_wconf 86' lang='lat' dir='ltr'>colonia</span> <span class='ocrx_word' id='word_1_252' title='bbox 1196 3143 1301 3194; x_wconf 89' lang='lat' dir='ltr'>auctore</span> <span class='ocrx_word' id='word_1_253' title='bbox 1309 3139 1340 3195; x_wconf 84' lang='grc' dir='ltr'>Ο.</span> <span class='ocrx_word' id='word_1_254' title='bbox 1352 3140 1461 3197; x_wconf 73' lang='lat' dir='ltr'>ermeno</span> 
     </span>
     <span class='ocr_line' id='line_1_28' title="bbox 309 3224 1463 3296; baseline -0.002 -13"><span class='ocrx_word' id='word_1_255' title='bbox 309 3246 368 3283; x_wconf 89' lang='lat' dir='ltr'>ann.</span> <span class='ocrx_word' id='word_1_256' title='bbox 388 3230 437 3282; x_wconf 76' lang='lat'>123</span> <span class='ocrx_word' id='word_1_257' title='bbox 454 3248 469 3282; x_wconf 90' lang='lat' dir='ltr'>a</span> <span class='ocrx_word' id='word_1_258' title='bbox 488 3230 517 3294; x_wconf 85' lang='lat' dir='ltr'>Q.</span> <span class='ocrx_word' id='word_1_259' title='bbox 536 3231 632 3282; x_wconf 87' lang='lat' dir='ltr'>Rubrio</span> <span class='ocrx_word' id='word_1_260' title='bbox 650 3232 741 3296; x_wconf 88' lang='lat' dir='ltr'>coepta</span> <span class='ocrx_word' id='word_1_261' title='bbox 763 3231 826 3291; x_wconf 91' lang='lat' dir='ltr'>erat,</span> <span class='ocrx_word' id='word_1_262' title='bbox 849 3231 933 3282; x_wconf 85' lang='lat' dir='ltr'>occiso</span> <span class='ocrx_word' id='word_1_263' title='bbox 952 3230 1067 3284; x_wconf 84' lang='lat' dir='ltr'>Graccho</span> <span class='ocrx_word' id='word_1_264' title='bbox 1084 3230 1117 3282; x_wconf 88' lang='lat' dir='ltr'>ab</span> <span class='ocrx_word' id='word_1_265' title='bbox 1136 3229 1227 3281; x_wconf 88' lang='lat' dir='ltr'>senatu</span> <span class='ocrx_word' id='word_1_266' title='bbox 1248 3224 1358 3282; x_wconf 81' lang='lat' dir='ltr'>sublata</span> <span class='ocrx_word' id='word_1_267' title='bbox 1379 3230 1463 3283; x_wconf 86' lang='lat' dir='ltr'>estet</span> 
     </span>
     <span class='ocr_line' id='line_1_29' title="bbox 308 3313 1462 3384; baseline 0.003 -19"><span class='ocrx_word' id='word_1_268' title='bbox 308 3331 374 3384; x_wconf 89' lang='lat' dir='ltr'>qnae</span> <span class='ocrx_word' id='word_1_269' title='bbox 391 3324 462 3368; x_wconf 86' lang='lat' dir='ltr'>vere¹</span> <span class='ocrx_word' id='word_1_270' title='bbox 474 3316 611 3369; x_wconf 87' lang='lat' dir='ltr'>constituta</span> <span class='ocrx_word' id='word_1_271' title='bbox 635 3320 675 3369; x_wconf 91' lang='lat' dir='ltr'>est</span> <span class='ocrx_word' id='word_1_272' title='bbox 697 3316 730 3367; x_wconf 90' lang='lat' dir='ltr'>ab</span> <span class='ocrx_word' id='word_1_273' title='bbox 748 3313 857 3368; x_wconf 88' lang='lat' dir='ltr'>Caesare</span> <span class='ocrx_word' id='word_1_274' title='bbox 875 3316 999 3369; x_wconf 88' lang='lat' dir='ltr'>dictatore</span> <span class='ocrx_word' id='word_1_275' title='bbox 1015 3318 1041 3368; x_wconf 90' lang='lat' dir='ltr'>et</span> <span class='ocrx_word' id='word_1_276' title='bbox 1058 3313 1182 3383; x_wconf 81' lang='lat' dir='ltr'>Augusto,</span> <span class='ocrx_word' id='word_1_277' title='bbox 1209 3327 1260 3366; x_wconf 92' lang='lat' dir='ltr'>non</span> <span class='ocrx_word' id='word_1_278' title='bbox 1284 3313 1382 3369; x_wconf 87' lang='lat' dir='ltr'>eodem</span> <span class='ocrx_word' id='word_1_279' title='bbox 1403 3316 1462 3377; x_wconf 86' lang='lat' dir='ltr'>loeo,</span> 
     </span>
     <span class='ocr_line' id='line_1_30' title="bbox 309 3396 1463 3470; baseline -0.003 -17"><span class='ocrx_word' id='word_1_280' title='bbox 309 3415 359 3469; x_wconf 92' lang='lat' dir='ltr'>quo</span> <span class='ocrx_word' id='word_1_281' title='bbox 376 3402 449 3453; x_wconf 85' lang='lat' dir='ltr'>retus</span> <span class='ocrx_word' id='word_1_282' title='bbox 471 3401 547 3465; x_wconf 87' lang='lat' dir='ltr'>urbs,</span> <span class='ocrx_word' id='word_1_283' title='bbox 574 3400 619 3453; x_wconf 91' lang='lat' dir='ltr'>sed</span> <span class='ocrx_word' id='word_1_284' title='bbox 645 3416 725 3470; x_wconf 91' lang='lat' dir='ltr'>prope</span> <span class='ocrx_word' id='word_1_285' title='bbox 750 3416 806 3452; x_wconf 91' lang='lat' dir='ltr'>eam</span> <span class='ocrx_word' id='word_1_286' title='bbox 829 3400 887 3453; x_wconf 89' lang='lat' dir='ltr'>fuit.</span> <span class='ocrx_word' id='word_1_287' title='bbox 927 3398 993 3451; x_wconf 86' lang='lat' dir='ltr'>Vide</span> <span class='ocrx_word' id='word_1_288' title='bbox 1015 3400 1117 3451; x_wconf 87' lang='lat' dir='ltr'>nostras</span> <span class='ocrx_word' id='word_1_289' title='bbox 1139 3398 1275 3449; x_wconf 90' lang='lat' dir='ltr'>comment.</span> <span class='ocrx_word' id='word_1_290' title='bbox 1299 3396 1463 3469; x_wconf 82' lang='lat' dir='ltr'>epigraphl</span> 
     </span>
     <span class='ocr_line' id='line_1_31' title="bbox 309 3482 1463 3553; baseline 0.001 -17"><span class='ocrx_word' id='word_1_291' title='bbox 309 3501 335 3553; x_wconf 91' lang='lat' dir='ltr'>p.</span> <span class='ocrx_word' id='word_1_292' title='bbox 354 3484 404 3538; x_wconf 78' lang='lat'>217</span> <span class='ocrx_word' id='word_1_293' title='bbox 422 3487 448 3536; x_wconf 89' lang='lat' dir='ltr'>et</span> <span class='ocrx_word' id='word_1_294' title='bbox 465 3482 524 3537; x_wconf 78' lang='lat'><strong>380.</strong></span> <span class='ocrx_word' id='word_1_295' title='bbox 555 3482 728 3537; x_wconf 90' lang='lat' dir='ltr'>Veruntamen</span> <span class='ocrx_word' id='word_1_296' title='bbox 746 3485 797 3538; x_wconf 90' lang='lat' dir='ltr'>etsi</span> <span class='ocrx_word' id='word_1_297' title='bbox 813 3485 840 3536; x_wconf 92' lang='lat' dir='ltr'>in</span> <span class='ocrx_word' id='word_1_298' title='bbox 857 3483 909 3537; x_wconf 90' lang='lat' dir='ltr'>loci</span> <span class='ocrx_word' id='word_1_299' title='bbox 924 3483 1000 3537; x_wconf 91' lang='lat' dir='ltr'>huius</span> <span class='ocrx_word' id='word_1_300' title='bbox 1018 3482 1206 3536; x_wconf 87' lang='lat' dir='ltr'>constructione</span> <span class='ocrx_word' id='word_1_301' title='bbox 1223 3482 1412 3537; x_wconf 85' lang='lat' dir='ltr'>constituenda</span> <span class='ocrx_word' id='word_1_302' title='bbox 1427 3496 1463 3537; x_wconf 76' lang='lat' dir='ltr'>ee</span> 
     </span>
     <span class='ocr_line' id='line_1_32' title="bbox 309 3565 1464 3635; baseline -0.002 -12"><span class='ocrx_word' id='word_1_303' title='bbox 309 3570 379 3624; x_wconf 89' lang='lat' dir='ltr'>dices</span> <span class='ocrx_word' id='word_1_304' title='bbox 397 3573 498 3624; x_wconf 89' lang='lat' dir='ltr'>nostros</span> <span class='ocrx_word' id='word_1_305' title='bbox 516 3570 687 3635; x_wconf 86' lang='lat' dir='ltr'>deseruimus,</span> <span class='ocrx_word' id='word_1_306' title='bbox 709 3571 736 3623; x_wconf 91' lang='lat' dir='ltr'>in</span> <span class='ocrx_word' id='word_1_307' title='bbox 754 3570 853 3623; x_wconf 91' lang='lat' dir='ltr'>duabus</span> <span class='ocrx_word' id='word_1_308' title='bbox 875 3572 962 3622; x_wconf 90' lang='lat' dir='ltr'>tamen</span> <span class='ocrx_word' id='word_1_309' title='bbox 979 3567 1054 3620; x_wconf 85' lang='lat' dir='ltr'>rebus</span> <span class='ocrx_word' id='word_1_310' title='bbox 1077 3566 1145 3619; x_wconf 89' lang='lat' dir='ltr'>haud</span> <span class='ocrx_word' id='word_1_311' title='bbox 1167 3565 1244 3619; x_wconf 89' lang='lat' dir='ltr'>dubie</span> <span class='ocrx_word' id='word_1_312' title='bbox 1267 3566 1354 3620; x_wconf 88' lang='lat' dir='ltr'>secuti</span> <span class='ocrx_word' id='word_1_313' title='bbox 1373 3580 1464 3621; x_wconf 74' lang='lat' dir='ltr'>summ</span> 
     </span>
     <span class='ocr_line' id='line_1_33' title="bbox 308 3650 1464 3727; baseline -0.002 -16"><span class='ocrx_word' id='word_1_314' title='bbox 308 3657 422 3711; x_wconf 91' lang='lat' dir='ltr'>Primum</span> <span class='ocrx_word' id='word_1_315' title='bbox 440 3658 589 3727; x_wconf 87' lang='lat' dir='ltr'>scripsimus</span> <span class='ocrx_word' id='word_1_316' title='bbox 602 3659 774 3721; x_wconf 82' lang='lat' dir='ltr'>decertarunt,</span> <span class='ocrx_word' id='word_1_317' title='bbox 792 3673 844 3711; x_wconf 94' lang='lat' dir='ltr'>non</span> <span class='ocrx_word' id='word_1_318' title='bbox 856 3661 1002 3717; x_wconf 84' lang='lat' dir='ltr'>certoruat;</span> <span class='ocrx_word' id='word_1_319' title='bbox 1019 3668 1079 3705; x_wconf 91' lang='lat' dir='ltr'>nam</span> <span class='ocrx_word' id='word_1_320' title='bbox 1089 3650 1154 3704; x_wconf 91' lang='lat' dir='ltr'>illud</span> <span class='ocrx_word' id='word_1_321' title='bbox 1165 3651 1248 3720; x_wconf 86' lang='lat' dir='ltr'>magis</span> <span class='ocrx_word' id='word_1_322' title='bbox 1259 3652 1464 3722; x_wconf 76' lang='lat' dir='ltr'>magnitudim</span> 
     </span>
     <span class='ocr_line' id='line_1_34' title="bbox 309 3738 1465 3813; baseline -0.002 -16"><span class='ocrx_word' id='word_1_323' title='bbox 309 3760 339 3797; x_wconf 89' lang='lat' dir='ltr'>ac</span> <span class='ocrx_word' id='word_1_324' title='bbox 357 3743 494 3796; x_wconf 90' lang='lat' dir='ltr'>discrimen</span> <span class='ocrx_word' id='word_1_325' title='bbox 511 3759 614 3813; x_wconf 85' lang='lat' dir='ltr'>pugnae</span> <span class='ocrx_word' id='word_1_326' title='bbox 632 3743 774 3811; x_wconf 88' lang='lat' dir='ltr'>significat;</span> <span class='ocrx_word' id='word_1_327' title='bbox 793 3743 884 3796; x_wconf 89' lang='lat' dir='ltr'>deinde</span> <span class='ocrx_word' id='word_1_328' title='bbox 902 3742 997 3804; x_wconf 83' lang='lat' dir='ltr'>sedura,</span> <span class='ocrx_word' id='word_1_329' title='bbox 1015 3754 1081 3809; x_wconf 88' lang='lat' dir='ltr'>quae</span> <span class='ocrx_word' id='word_1_330' title='bbox 1097 3739 1181 3792; x_wconf 86' lang='lat' dir='ltr'>forma</span> <span class='ocrx_word' id='word_1_331' title='bbox 1197 3738 1465 3809; x_wconf 64' lang='lat' dir='ltr'>taessalatis</span> 
     </span>
     <span class='ocr_line' id='line_1_35' title="bbox 308 3822 1465 3900; baseline -0.004 -15"><span class='ocrx_word' id='word_1_332' title='bbox 308 3831 354 3885; x_wconf 84' lang='lat' dir='ltr'>Kr.</span> <span class='ocrx_word' id='word_1_333' title='bbox 373 3832 497 3900; x_wconf 89' lang='lat' dir='ltr'>probatur</span> <span class='ocrx_word' id='word_1_334' title='bbox 513 3835 539 3884; x_wconf 91' lang='lat' dir='ltr'>et</span> <span class='ocrx_word' id='word_1_335' title='bbox 550 3849 575 3899; x_wconf 86' lang='lat' dir='ltr'>p.</span> <span class='ocrx_word' id='word_1_336' title='bbox 594 3831 663 3896; x_wconf 85' lang='lat' dir='ltr'>Sest,</span> <span class='ocrx_word' id='word_1_337' title='bbox 681 3832 722 3896; x_wconf 76' lang='lat'>20,</span> <span class='ocrx_word' id='word_1_338' title='bbox 740 3831 782 3896; x_wconf 87' lang='grc'>45,</span> <span class='ocrx_word' id='word_1_339' title='bbox 800 3831 854 3883; x_wconf 84' lang='lat' dir='ltr'>Liv.</span> <span class='ocrx_word' id='word_1_340' title='bbox 872 3830 905 3895; x_wconf 89' lang='lat' dir='ltr'>V,</span> <span class='ocrx_word' id='word_1_341' title='bbox 916 3829 950 3882; x_wconf 77' lang='lat'>42</span> <span class='ocrx_word' id='word_1_342' title='bbox 967 3828 1085 3881; x_wconf 88' lang='lat' dir='ltr'>restituta</span> <span class='ocrx_word' id='word_1_343' title='bbox 1101 3828 1149 3879; x_wconf 87' lang='lat' dir='ltr'>est.</span> <span class='ocrx_word' id='word_1_344' title='bbox 1167 3853 1200 3863; x_wconf 94' lang='lat'>-</span> <span class='ocrx_word' id='word_1_345' title='bbox 1224 3822 1318 3877; x_wconf 83' lang='lat' dir='ltr'>Verum</span> <span class='ocrx_word' id='word_1_346' title='bbox 1335 3824 1411 3880; x_wconf 79' lang='lat' dir='ltr'>inter</span> <span class='ocrx_word' id='word_1_347' title='bbox 1426 3824 1465 3879; x_wconf 79' lang='lat' dir='ltr'>toa</span> 
     </span>
     <span class='ocr_line' id='line_1_36' title="bbox 309 3908 1465 3986; baseline -0.003 -17"><span class='ocrx_word' id='word_1_348' title='bbox 309 3933 394 3985; x_wconf 69' lang='lat' dir='ltr'>egros.</span> <span class='ocrx_word' id='word_1_349' title='bbox 430 3916 537 3971; x_wconf 86' lang='lat' dir='ltr'>Accedit</span> <span class='ocrx_word' id='word_1_350' title='bbox 554 3917 587 3970; x_wconf 92' lang='lat' dir='ltr'>ad</span> <span class='ocrx_word' id='word_1_351' title='bbox 603 3918 639 3982; x_wconf 92' lang='lat' dir='ltr'>id,</span> <span class='ocrx_word' id='word_1_352' title='bbox 657 3917 725 3986; x_wconf 92' lang='lat' dir='ltr'>quod</span> <span class='ocrx_word' id='word_1_353' title='bbox 742 3918 756 3981; x_wconf 68' lang='grc' dir='ltr'><strong>ξ</strong></span> <span class='ocrx_word' id='word_1_354' title='bbox 773 3917 807 3968; x_wconf 85' lang='grc'>49</span> <span class='ocrx_word' id='word_1_355' title='bbox 825 3931 853 3969; x_wconf 91' lang='lat' dir='ltr'>se</span> <span class='ocrx_word' id='word_1_356' title='bbox 871 3913 997 3967; x_wconf 90' lang='lat' dir='ltr'>dicturum</span> <span class='ocrx_word' id='word_1_357' title='bbox 1014 3909 1146 3979; x_wconf 87' lang='lat' dir='ltr'>professus</span> <span class='ocrx_word' id='word_1_358' title='bbox 1164 3911 1218 3972; x_wconf 88' lang='lat' dir='ltr'>est,</span> <span class='ocrx_word' id='word_1_359' title='bbox 1240 3909 1270 3961; x_wconf 90' lang='lat' dir='ltr'>ut</span> <span class='ocrx_word' id='word_1_360' title='bbox 1290 3908 1408 3964; x_wconf 79' lang='lat' dir='ltr'>insidias</span> <span class='ocrx_word' id='word_1_361' title='bbox 1424 3908 1465 3965; x_wconf 81' lang='lat' dir='ltr'>Cu</span> 
     </span>
     <span class='ocr_line' id='line_1_37' title="bbox 308 3994 1465 4073; baseline -0.005 -17"><span class='ocrx_word' id='word_1_362' title='bbox 308 4003 430 4071; x_wconf 90' lang='lat' dir='ltr'>Pompeio</span> <span class='ocrx_word' id='word_1_363' title='bbox 447 4003 587 4057; x_wconf 87' lang='lat' dir='ltr'>collocatas</span> <span class='ocrx_word' id='word_1_364' title='bbox 604 4004 716 4073; x_wconf 90' lang='lat' dir='ltr'>aperiat,</span> <span class='ocrx_word' id='word_1_365' title='bbox 737 4017 844 4071; x_wconf 88' lang='lat' dir='ltr'>eamque</span> <span class='ocrx_word' id='word_1_366' title='bbox 861 4000 895 4054; x_wconf 93' lang='lat' dir='ltr'>ob</span> <span class='ocrx_word' id='word_1_367' title='bbox 912 4012 1016 4052; x_wconf 90' lang='lat' dir='ltr'>causam</span> <span class='ocrx_word' id='word_1_368' title='bbox 1032 3996 1135 4066; x_wconf 89' lang='lat' dir='ltr'>proprie</span> <span class='ocrx_word' id='word_1_369' title='bbox 1152 3994 1360 4048; x_wconf 88' lang='lat' dir='ltr'>coniunctionem</span> <span class='ocrx_word' id='word_1_370' title='bbox 1381 4010 1465 4050; x_wconf 75' lang='lat' dir='ltr'>acran</span> 
     </span>
     <span class='ocr_line' id='line_1_38' title="bbox 308 4080 1466 4158; baseline -0.005 -15"><span class='ocrx_word' id='word_1_371' title='bbox 308 4090 480 4157; x_wconf 74' lang='lat' dir='ltr'>poeniteam</span> <span class='ocrx_word' id='word_1_372' title='bbox 497 4090 532 4154; x_wconf 87' lang='lat' dir='ltr'>ri,</span> <span class='ocrx_word' id='word_1_373' title='bbox 549 4093 679 4158; x_wconf 89' lang='lat' dir='ltr'>tamqnam</span> <span class='ocrx_word' id='word_1_374' title='bbox 698 4088 800 4140; x_wconf 89' lang='lat' dir='ltr'>adrem</span> <span class='ocrx_word' id='word_1_375' title='bbox 818 4087 909 4155; x_wconf 92' lang='lat' dir='ltr'>ipsam,</span> <span class='ocrx_word' id='word_1_376' title='bbox 928 4085 961 4136; x_wconf 86' lang='lat' dir='ltr'>ad</span> <span class='ocrx_word' id='word_1_377' title='bbox 977 4085 1014 4137; x_wconf 90' lang='lat' dir='ltr'>rei</span> <span class='ocrx_word' id='word_1_378' title='bbox 1032 4084 1174 4146; x_wconf 83' lang='lat' dir='ltr'>veritatem,</span> <span class='ocrx_word' id='word_1_379' title='bbox 1191 4080 1278 4145; x_wconf 90' lang='lat' dir='ltr'>adid,</span> <span class='ocrx_word' id='word_1_380' title='bbox 1295 4081 1324 4134; x_wconf 92' lang='lat' dir='ltr'>in</span> <span class='ocrx_word' id='word_1_381' title='bbox 1341 4098 1398 4151; x_wconf 85' lang='lat' dir='ltr'>quo</span> <span class='ocrx_word' id='word_1_382' title='bbox 1414 4085 1466 4137; x_wconf 79' lang='lat' dir='ltr'>tota</span> 
     </span>
     <span class='ocr_line' id='line_1_39' title="bbox 309 4166 1467 4240; baseline -0.003 -15"><span class='ocrx_word' id='word_1_383' title='bbox 309 4175 375 4226; x_wconf 86' lang='lat' dir='ltr'>ratio</span> <span class='ocrx_word' id='word_1_384' title='bbox 393 4176 517 4237; x_wconf 81' lang='lat' dir='ltr'>versetur,</span> <span class='ocrx_word' id='word_1_385' title='bbox 535 4173 666 4226; x_wconf 87' lang='lat' dir='ltr'>accedens.</span> <span class='ocrx_word' id='word_1_386' title='bbox 700 4173 739 4224; x_wconf 83' lang='lat' dir='ltr'>Ac</span> <span class='ocrx_word' id='word_1_387' title='bbox 762 4171 882 4240; x_wconf 92' lang='lat' dir='ltr'>quoniam</span> <span class='ocrx_word' id='word_1_388' title='bbox 904 4169 1006 4237; x_wconf 88' lang='lat' dir='ltr'>penitus</span> <span class='ocrx_word' id='word_1_389' title='bbox 1024 4168 1157 4221; x_wconf 88' lang='lat' dir='ltr'>abstrusas</span> <span class='ocrx_word' id='word_1_390' title='bbox 1181 4166 1328 4235; x_wconf 87' lang='lat' dir='ltr'>appellarat</span> <span class='ocrx_word' id='word_1_391' title='bbox 1342 4168 1467 4231; x_wconf 79' lang='lat' dir='ltr'>insidiae,</span> 
     </span>
     <span class='ocr_line' id='line_1_40' title="bbox 204 4246 1466 4329; baseline 0 -20"><span class='ocrx_word' id='word_1_392' title='bbox 204 4322 206 4329; x_wconf 33' lang='grc' dir='ltr'>Ι</span> <span class='ocrx_word' id='word_1_393' title='bbox 309 4256 426 4311; x_wconf 90' lang='lat' dir='ltr'>consulto</span> <span class='ocrx_word' id='word_1_394' title='bbox 445 4257 512 4311; x_wconf 83' lang='lat' dir='ltr'>dixit</span> <span class='ocrx_word' id='word_1_395' title='bbox 527 4258 596 4310; x_wconf 82' lang='lat' dir='ltr'>inter</span> <span class='ocrx_word' id='word_1_396' title='bbox 612 4257 657 4310; x_wconf 85' lang='lat' dir='ltr'>bos</span> <span class='ocrx_word' id='word_1_397' title='bbox 674 4274 752 4326; x_wconf 74' lang='lat' dir='ltr'>apros</span> <span class='ocrx_word' id='word_1_398' title='bbox 769 4257 926 4324; x_wconf 72' lang='lat' dir='ltr'>sagmate.</span> <span class='ocrx_word' id='word_1_399' title='bbox 945 4270 1096 4309; x_wconf 87' lang='lat' dir='ltr'>enumerans</span> <span class='ocrx_word' id='word_1_400' title='bbox 1113 4255 1161 4308; x_wconf 90' lang='lat' dir='ltr'>hos</span> <span class='ocrx_word' id='word_1_401' title='bbox 1178 4246 1255 4321; x_wconf 83' lang='lat' dir='ltr'>agros</span> <span class='ocrx_word' id='word_1_402' title='bbox 1272 4253 1361 4321; x_wconf 89' lang='lat' dir='ltr'>regios</span> <span class='ocrx_word' id='word_1_403' title='bbox 1380 4254 1466 4309; x_wconf 79' lang='lat' dir='ltr'>furtin</span> 
     </span>
     <span class='ocr_line' id='line_1_41' title="bbox 309 4337 1466 4410; baseline -0.002 -17"><span class='ocrx_word' id='word_1_404' title='bbox 309 4342 382 4409; x_wconf 90' lang='lat' dir='ltr'>quasi</span> <span class='ocrx_word' id='word_1_405' title='bbox 405 4341 523 4394; x_wconf 84' lang='lat' dir='ltr'>ecclam</span> <span class='ocrx_word' id='word_1_406' title='bbox 553 4342 674 4410; x_wconf 72' lang='lat' dir='ltr'>adiungit</span> <span class='ocrx_word' id='word_1_407' title='bbox 700 4341 812 4395; x_wconf 91' lang='lat' dir='ltr'>auctioni</span> <span class='ocrx_word' id='word_1_408' title='bbox 838 4355 913 4408; x_wconf 88' lang='lat' dir='ltr'>agros</span> <span class='ocrx_word' id='word_1_409' title='bbox 935 4340 1096 4395; x_wconf 78' lang='lat' dir='ltr'>Mithridatia.</span> <span class='ocrx_word' id='word_1_410' title='bbox 1137 4337 1328 4404; x_wconf 88' lang='lat' dir='ltr'>Commemoro,</span> <span class='ocrx_word' id='word_1_411' title='bbox 1350 4354 1388 4393; x_wconf 91' lang='lat' dir='ltr'>ne</span> <span class='ocrx_word' id='word_1_412' title='bbox 1413 4338 1466 4409; x_wconf 86' lang='lat' dir='ltr'>quis</span> 
     </span>
     <span class='ocr_line' id='line_1_42' title="bbox 308 4425 1039 4496; baseline 0.003 -17"><span class='ocrx_word' id='word_1_413' title='bbox 308 4425 434 4479; x_wconf 89' lang='lat' dir='ltr'>Lambino</span> <span class='ocrx_word' id='word_1_414' title='bbox 452 4427 479 4480; x_wconf 92' lang='lat' dir='ltr'>in</span> <span class='ocrx_word' id='word_1_415' title='bbox 496 4426 536 4480; x_wconf 90' lang='lat' dir='ltr'>his</span> <span class='ocrx_word' id='word_1_416' title='bbox 553 4427 669 4480; x_wconf 89' lang='lat' dir='ltr'>haerenti</span> <span class='ocrx_word' id='word_1_417' title='bbox 687 4431 762 4496; x_wconf 85' lang='lat' dir='ltr'>atque</span> <span class='ocrx_word' id='word_1_418' title='bbox 779 4426 925 4481; x_wconf 88' lang='lat' dir='ltr'>emendanti</span> <span class='ocrx_word' id='word_1_419' title='bbox 943 4428 1039 4482; x_wconf 87' lang='lat' dir='ltr'>credat.</span> 
     </span>
     <span class='ocr_line' id='line_1_43' title="bbox 395 4508 1467 4584; baseline -0.001 -18"><span class='ocrx_word' id='word_1_420' title='bbox 395 4512 436 4566; x_wconf 78' lang='lat'>52.</span> <span class='ocrx_word' id='word_1_421' title='bbox 455 4512 551 4582; x_wconf 74' lang='lat' dir='ltr'>legibus</span> <span class='ocrx_word' id='word_1_422' title='bbox 569 4515 646 4567; x_wconf 86' lang='lat' dir='ltr'>datis.</span> <span class='ocrx_word' id='word_1_423' title='bbox 680 4514 822 4582; x_wconf 88' lang='lat' dir='ltr'>Imperator</span> <span class='ocrx_word' id='word_1_424' title='bbox 845 4516 867 4568; x_wconf 89' lang='lat' dir='ltr'>si</span> <span class='ocrx_word' id='word_1_425' title='bbox 891 4530 965 4582; x_wconf 88' lang='lat' dir='ltr'>quem</span> <span class='ocrx_word' id='word_1_426' title='bbox 982 4514 1104 4584; x_wconf 92' lang='lat' dir='ltr'>populum</span> <span class='ocrx_word' id='word_1_427' title='bbox 1128 4512 1239 4581; x_wconf 84' lang='lat' dir='ltr'>subegit,</span> <span class='ocrx_word' id='word_1_428' title='bbox 1261 4508 1331 4564; x_wconf 88' lang='lat' dir='ltr'>solet</span> <span class='ocrx_word' id='word_1_429' title='bbox 1348 4509 1383 4564; x_wconf 90' lang='lat' dir='ltr'>de</span> <span class='ocrx_word' id='word_1_430' title='bbox 1401 4508 1467 4565; x_wconf 78' lang='lat' dir='ltr'>bello</span> 
     </span>
     <span class='ocr_line' id='line_1_44' title="bbox 309 4593 1468 4668; baseline -0.003 -16"><span class='ocrx_word' id='word_1_431' title='bbox 309 4598 424 4652; x_wconf 84' lang='lat' dir='ltr'>coniecto</span> <span class='ocrx_word' id='word_1_432' title='bbox 441 4599 475 4651; x_wconf 91' lang='lat' dir='ltr'>ad</span> <span class='ocrx_word' id='word_1_433' title='bbox 493 4602 610 4653; x_wconf 82' lang='lat' dir='ltr'>senatum</span> <span class='ocrx_word' id='word_1_434' title='bbox 633 4600 756 4663; x_wconf 84' lang='lat' dir='ltr'>scribere,</span> <span class='ocrx_word' id='word_1_435' title='bbox 782 4603 836 4652; x_wconf 88' lang='lat' dir='ltr'>tum</span> <span class='ocrx_word' id='word_1_436' title='bbox 858 4599 946 4652; x_wconf 91' lang='lat' dir='ltr'>decem</span> <span class='ocrx_word' id='word_1_437' title='bbox 966 4598 1045 4668; x_wconf 87' lang='lat' dir='ltr'>legati</span> <span class='ocrx_word' id='word_1_438' title='bbox 1062 4596 1205 4660; x_wconf 87' lang='lat' dir='ltr'>mittuntur,</span> <span class='ocrx_word' id='word_1_439' title='bbox 1232 4593 1264 4648; x_wconf 88' lang='lat' dir='ltr'>de</span> <span class='ocrx_word' id='word_1_440' title='bbox 1281 4609 1396 4662; x_wconf 85' lang='lat' dir='ltr'>quorum</span> <span class='ocrx_word' id='word_1_441' title='bbox 1413 4608 1468 4649; x_wconf 82' lang='lat' dir='ltr'>seu-</span> 
     </span>
     <span class='ocr_line' id='line_1_45' title="bbox 309 4678 1467 4767; baseline -0.005 -26"><span class='ocrx_word' id='word_1_442' title='bbox 309 4685 391 4741; x_wconf 88' lang='lat' dir='ltr'>tentia</span> <span class='ocrx_word' id='word_1_443' title='bbox 407 4684 546 4756; x_wconf 86' lang='lat' dir='ltr'>imperator</span> <span class='ocrx_word' id='word_1_444' title='bbox 563 4687 630 4757; x_wconf 75' lang='lat' dir='ltr'>leges</span> <span class='ocrx_word' id='word_1_445' title='bbox 647 4687 701 4753; x_wconf 82' lang='lat' dir='ltr'>dei,</span> <span class='ocrx_word' id='word_1_446' title='bbox 718 4685 853 4741; x_wconf 83' lang='lat' dir='ltr'>formulam</span> <span class='ocrx_word' id='word_1_447' title='bbox 874 4682 1025 4754; x_wconf 80' lang='lat' dir='ltr'>provinciae</span> <span class='ocrx_word' id='word_1_448' title='bbox 1041 4680 1188 4744; x_wconf 87' lang='lat' dir='ltr'>constituit,</span> <span class='ocrx_word' id='word_1_449' title='bbox 1204 4679 1223 4735; x_wconf 89' lang='lat' dir='ltr'>i.</span> <span class='ocrx_word' id='word_1_450' title='bbox 1240 4694 1263 4733; x_wconf 85' lang='lat' dir='ltr'>e.</span> <span class='ocrx_word' id='word_1_451' title='bbox 1280 4678 1327 4747; x_wconf 85' lang='lat' dir='ltr'>qni</span> <span class='ocrx_word' id='word_1_452' title='bbox 1344 4678 1406 4749; x_wconf 77' lang='lat' dir='ltr'>agri</span> <span class='ocrx_word' id='word_1_453' title='bbox 1422 4694 1467 4767; x_wconf 80' lang='lat' dir='ltr'>pu·</span> 
     </span>
    </p>
   </div>
   <div class='ocr_carea' id='block_1_6' title="bbox 0 0 1780 5492">
    <p class='ocr_par' dir='ltr' id='par_1_9' title="bbox 0 0 1780 5492">
     <span class='ocr_line' id='line_1_46' title="bbox 0 0 1780 5492; baseline 0 0"><span class='ocrx_word' id='word_1_454' title='bbox 0 0 1780 5492; x_wconf 95' lang='lat' dir='ltr'> </span> 
     </span>
    </p>
   </div>
  </div>
 </body>
</html>
