3550 5492
774 571 1008 638 -100‘2

306 737 382 822 piat.
420 736 531 818 Auget,
555 734 650 815 addit,
673 735 858 798 accumulat:
885 758 1005 807 azerrrm,
1031 745 1193 817 arpentum
1215 758 1254 801 ea
1271 738 1413 820 praeda,
1434 760 1465 800 ea

305 824 477 911 paratiora,
504 862 542 902 ea
569 843 752 912 coronario,
776 841 820 902 ad
840 862 1034 922 quoscunque
1049 842 1190 922 pervenit
1211 860 1311 923 neque
1337 838 1465 903 relatum

307 955 350 1005 cat
371 946 404 1004 in
420 943 581 1025 pubiicum
607 965 703 1025 neque
729 946 762 1005 in
795 955 998 1029 monumento,
1017 952 1241 1026 corrrumptam,
1270 932 1304 1004 id'
1335 942 1463 1027 profiteri

307 1045 388 1130 apud
410 1044 522 1108 Xviros
545 1045 637 1108 etad
659 1065 710 1108 eos
727 1043 837 1108 deferri
858 1042 954 1108 iubet.
987 1045 1052 1108 Hoc
1072 1045 1172 1129 capIte
1195 1043 1292 1109 etiam
1316 1044 1465 1129 quaestio

307 1170 378 1213 nem
408 1148 445 1211 de
473 1147 653 1212 clarissimis
681 1149 774 1230 uiris,
810 1149 864 1232 qui
893 1147 999 1232 populi
1026 1147 1157 1211 Romani
1186 1145 1269 1211 bella
1297 1152 1464 1231 gesserunt,

306 1251 517 1334 iudiciumque
539 1251 575 1315 dc
590 1251 730 1336 pecuniis
754 1251 986 1336 repetundisad
1002 1251 1113 1315 Xuiros
1127 1250 1319 1316 translatum
1343 1251 1463 1317 videtis:

392 1415 424 1456 ⁵9.
438 1418 467 1455 ad
482 1419 624 1464 accrescere.
662 1438 675 1456 ι

307 1551 356 1600 tur.
374 1573 408 1582 -
426 1561 458 1598 ca
471 1545 589 1614 proedo,
608 1560 639 1596 ea
662 1543 798 1596 errounbr'ir.
833 1544 904 1596 IIaec
924 1543 999 1595 etiam
1019 1547 1084 1596 orat.
1102 1544 1126 1608 I,
1144 1546 1172 1608 4,
1194 1544 1225 1598 12
1244 1546 1317 1598 etia
1337 1544 1410 1599 Verr.
1425 1543 1461 1608 ΙΙΙ,

307 1630 348 1696 80,
368 1631 417 1684 186
435 1631 575 1699 coniungit,
594 1630 639 1682 sed
656 1629 718 1698 quid
734 1631 801 1682 inter
818 1630 940 1697 praedam
964 1632 989 1681 et
1006 1630 1074 1682 inter
1090 1630 1223 1684 manubias
1240 1631 1363 1696 intersit,
1380 1647 1459 1699 parum

307 1721 416 1771 constat.
453 1713 593 1769 Nec'certe
611 1733 669 1769 vere
689 1716 804 1784 disputat
821 1716 885 1769 Geli.
896 1715 966 1779 XIII,
986 1715 1018 1767 24
1037 1716 1159 1783 praedam
1178 1716 1265 1773 dicans
1283 1718 1345 1770 esee
1363 1730 1460 1785 corpora

306 1805 364 1873 ipsa
381 1818 475 1867 rerum,
493 1818 557 1870 quae
576 1805 665 1869 captae
684 1804 752 1864 sunt,
771 1801 903 1854 manubias
922 1801 1056 1867 pecuniam
1075 1818 1090 1852 a
1108 1805 1243 1869 quaestore
1267 1819 1300 1855 ex
1320 1802 1460 1867 venditique

306 1891 416 1958 praedae
433 1889 570 1942 redactam.
607 1886 659 1939 Sed
676 1887 739 1939 illud
757 1887 924 1956 IntelIIgImus
936 1887 1070 1939 manubias
1080 1902 1137 1940 esse
1148 1891 1248 1956 partem
1261 1889 1384 1956 praedae,
1402 1904 1459 1957 qnae

306 1976 339 2027 ad
356 1977 537 2044 imperatorem
555 1974 637 2027 solum
657 1975 792 2042 pertineat,
810 1989 874 2042 quae
892 1973 973 2026 libero
992 1974 1046 2027 eius
1060 1974 1165 2027 arbitrio
1184 1975 1301 2028 consumi
1314 1975 1409 2043 possit,
1420 1974 1458 2027 scd
1504 2022 1506 2027 .

306 2078 371 2130 qnae
388 2063 432 2114 illa
450 2077 510 2129 pars
534 2061 612 2113 fuerit
632 2062 658 2112 et
684 2059 750 2111 unde
772 2059 876 2111 redacta
898 2062 924 2111 ct
947 2062 1055 2129 quanta,
1078 2059 1203 2113 Incertum
1226 2063 1266 2113 est
1287 2075 1337 2113 nec
1356 2060 1460 2113 Pseudo

305 2149 398 2200 Ascon.
423 2146 455 2198 ad
473 2145 571 2199 Cicin
589 2145 661 2198 Verr.
680 2146 700 2209 1,
719 2146 753 2199 60
770 2162 796 2213 p.
809 2145 857 2198 199
874 2149 901 2198 et
920 2145 971 2198 200
994 2147 1056 2199 satIs
1082 2149 1151 2200 recte
1174 2145 1276 2200 videtur
1299 2144 1416 2201 definire.
1431 2174 1460 2184 -

306 2234 443 2287 coronario
460 2234 477 2285 i.
497 2249 517 2284 e.
538 2248 607 2285 auro.
642 2232 709 2284 Nam
727 2232 884 2285 consuetudo
904 2240 974 2297 erat,
993 2236 1021 2285 ut
1045 2248 1154 2286 coronae
1179 2249 1270 2286 aureae
1292 2234 1351 2287 sive
1369 2249 1418 2303 pro
1433 2234 1460 2286 iis

305 2320 429 2390 pecuniae
451 2319 484 2371 ad
508 2318 677 2371 decorandum
700 2318 857 2386 triumphum
882 2319 914 2371 ab
938 2319 1014 2372 sociis
1038 2319 1175 2384 darentur,
1202 2320 1276 2373 initio
1299 2321 1338 2372 rei
1359 2321 1461 2385 iactor

307 2404 412 2459 Graecis
428 2404 583 2467 ciuitatibus,
601 2402 668 2471 apud
686 2419 750 2471 quas
768 2419 819 2456 non
831 2404 946 2456 homines
959 2403 1050 2468 solnm,
1070 2403 1115 2456 sed
1127 2404 1197 2472 ipsas
1210 2404 1330 2460 civItatcs
1344 2420 1461 2460 coronare

305 2492 323 2544 i.
341 2506 364 2542 e.
382 2491 483 2543 coronis
501 2490 594 2542 oblatis
613 2503 702 2542 ornare
720 2491 798 2541 moris
823 2492 886 2543 erat.
927 2488 990 2541 Cum
1004 2505 1055 2542 ¹res
1079 2491 1107 2541 in
1124 2506 1217 2542 vanam
1243 2491 1425 2560 gloriationem
1441 2496 1462 2544 ct

306 2578 388 2645 magis
411 2579 488 2630 etiam
511 2576 544 2629 ad
568 2576 718 2646 expilandas
742 2577 888 2644 provIneias
911 2578 1094 2644 processisset,
1118 2576 1145 2631 G.
1164 2577 1260 2651 Caesar
1276 2593 1329 2631 eos,
1348 2584 1416 2631 anrio
1433 2577 1462 2632 59

307 2663 374 2727 tulit,
394 2679 426 2717 ne
446 2678 553 2717 coronae
572 2664 622 2716 nisi
640 2663 672 2715 ad
690 2678 779 2715 rerum
797 2665 823 2715 et
843 2664 874 2716 ab
894 2666 983 2715 senatu
1002 2663 1131 2716 decretum
1144 2664 1300 2733 triumphum
1320 2668 1365 2718 aut
1383 2665 1462 2717 decer·

308 2754 429 2804 nerentur
447 2755 491 2804 aut
508 2751 690 2819 acciperentur.
727 2750 779 2803 Sed
795 2750 860 2802 iilud
877 2766 910 2802 cx
927 2750 977 2802 hoc
993 2750 1049 2817 ipso
1067 2750 1124 2803 Ioco
1145 2750 1274 2814 discimus,
1292 2766 1403 2805 coronas
1422 2766 1462 2819 po·

305 2839 366 2907 puio
383 2839 507 2904 Romano,
526 2839 570 2908 qui
582 2839 630 2892 sub
648 2837 811 2907 imperatoris
828 2839 903 2907 quasi
920 2854 1031 2906 persona
1045 2824 1221 2906 triumpharet,
1240 2838 1295 2891 dari
1314 2853 1461 2892 consuesse:

305 2940 383 2993 quare
401 2925 561 2978 coronarium
578 2925 605 2976 iu
624 2924 749 2976 aerarium
767 2923 898 2991 publicum
916 2923 1087 2991 redigebatur,
1106 2923 1153 2975 sed
1164 2924 1209 2988 ita,
1226 2926 1255 2975 ut
1266 2924 1419 2992 imperatori
1435 2938 1461 2976 eo

306 3011 339 3064 ad
356 3015 520 3065 monumenta
537 3013 554 3063 i.
572 3026 594 3062 e.
613 3009 730 3062 aedificia
750 3009 853 3077 publica
870 3009 1004 3062 condenda
1026 3011 1065 3063 uti
1082 3010 1177 3063 IIccret.
1200 3037 1234 3047 -
1257 3010 1286 3061 in
1303 3016 1461 3063 monumento

306 3104 489 3167 consumptura.
516 3095 650 3148 Turnebus
669 3110 700 3146 ex
718 3096 806 3148 nescIo
825 3111 874 3162 qno
894 3094 982 3148 codice
1001 3111 1047 3149 suo
1066 3095 1304 3149 commendabatur
1319 3112 1461 3151 moaurrere

307 3189 372 3248 tum,-
390 3184 436 3236 sed
454 3196 584 3250 nunquam
601 3181 639 3232 ita
656 3179 743 3233 Cicero
762 3180 838 3244 dicit,
856 3197 958 3251 semper
981 3199 1128 3237 consa-mere
1151 3183 1179 3235 in
1202 3182 1292 3250 aliqua
1315 3199 1357 3247 re,
1382 3198 1461 3235 emen·

306 3269 443 3336 datumque
460 3281 528 3319 nunc
546 3269 597 3330 est,
624 3266 692 3333 quod
710 3265 770 3318 cIIm
788 3282 814 3335 p.
832 3267 919 3321 Pianc.
938 3268 984 3331 30,
1002 3269 1035 3322 73
1052 3269 1186 3338 legebatur
1207 3276 1237 3321 at
1258 3284 1331 3322 omae
1352 3268 1461 3321 etodium

305 3370 389 3406 meam
406 3353 435 3403 in
455 3350 499 3405 Cn.
518 3350 624 3403 Pinneti
641 3351 760 3404 bonorem
779 3367 958 3405 consueuerant.
978 3380 1011 3388 —
1030 3354 1067 3405 od
1084 3369 1131 3406 eoa·
1142 3352 1242 3421 deferri
1257 3351 1334 3406 iubet.
1362 3352 1460 3406 Primos

306 3438 417 3491 editores
440 3438 598 3505 scrIpscrunt
619 3437 718 3511 referre
740 3441 817 3507 atque
839 3442 982 3511 utrumqne,
998 3439 1102 3492 verbum
1120 3439 1146 3492 h.
1164 3438 1182 3491 l.
1200 3442 1288 3508 aptum
1310 3442 1358 3492 est.
1400 3438 1460 3492 Nam

307 3523 453 3590 deferimus,
471 3524 539 3593 quod
557 3524 613 3592 Iege
625 3525 666 3577 rel
683 3526 802 3578 instItuto
815 3525 856 3577 uei
872 3526 972 3577 ratione
990 3525 1079 3577 afferre
1096 3526 1220 3590 iubemur,
1238 3524 1385 3594 referimus,
1397 3521 1459 3594 quod

307 3612 436 3676 tamquam
454 3611 576 3664 utendum
594 3613 748 3680 accepimus,
766 3615 795 3664 ut
813 3612 894 3665 debiti
913 3611 1065 3680 significatio
1084 3613 1215 3680 utriusque
1233 3611 1305 3665 verbi
1323 3609 1460 3663 communis

307 3695 348 3747 sit.
375 3693 471 3763 Itaque,
490 3699 539 3751 etsi
557 3714 658 3768 semper
675 3698 768 3751 dicItur
785 3698 959 3767 inpublicare
977 3700 1032 3752 sive
1046 3699 1219 3764 inaerariorn
1231 3697 1338 3766 referre,
1356 3698 1461 3766 impera·

306 3784 375 3834 tores
393 3784 479 3833 tamen
496 3783 529 3836 ad
546 3785 643 3838 Xuiros
661 3783 738 3837 modo
756 3784 869 3852 deferre,
892 3785 968 3839 modo
986 3784 1084 3853 referre
1108 3785 1200 3838 debere
1220 3784 1357 3853 pecuniam
1378 3783 1460 3837 dicun·

307 3870 355 3920 tur.
390 3866 457 3919 Nam
474 3867 533 3931 §60
550 3874 589 3922 est
606 3869 705 3938 referre
722 3869 820 3933 debeat,
839 3870 894 3935 §61
914 3877 1057 3939 reportare,
1076 3869 1255 3935 orati,4,12
1273 3868 1373 3936 referri
1389 3867 1461 3929 tutet,

308 3954 352 4007 sed
371 3954 385 4018 ξ
407 3953 438 4006 13
452 3953 575 4022 protinus
594 3957 629 4008 ad
645 3955 741 4008 Xuiros
760 3955 869 4024 deserat.
906 3956 989 4020 Quare
1006 3956 1031 4006 h.
1048 3954 1064 4007 l.
1085 3956 1210 4022 optimum
1232 3955 1288 4008 cod.
1307 3953 1461 4023 sequendum

309 4057 366 4094 esse
384 4039 541 4109 putavaus,
560 4039 636 4091 etiam
654 4043 679 4092 in
697 4058 736 4105 eo,
754 4042 822 4110 quod
839 4043 970 4110 passivum
987 4041 1064 4093 babet
1088 4040 1193 4109 deferri.
1230 4041 1273 4094 Sic
1291 4042 1358 4095 enim
1377 4038 1463 4094 orati

307 4128 373 4192 §12
391 4127 422 4178 de
441 4125 530 4177 eadem
548 4141 575 4177 re
598 4128 638 4176 est
656 4124 750 4191 referri
771 4128 851 4192 iudet,
874 4129 1033 4197 variatioque
1057 4129 1133 4180 activi
1152 4133 1177 4181 et
1198 4129 1297 4197 passivi
1318 4128 1408 4182 eadem
1426 4129 1462 4180 est

307 4215 376 4266 inira
393 4214 407 4278 ἐ
426 4213 467 4264 72.
485 4239 519 4248 -
539 4211 664 4264 iudicium
687 4211 718 4264 de
737 4217 856 4280 pearata
879 4215 1036 4285 repetundis.
1077 4216 1180 4285 Pugnat
1195 4215 1221 4268 h.
1239 4216 1256 4268 I.
1276 4217 1368 4269 acrIter
1386 4214 1463 4268 Gara-

307 4301 403 4363 tonius,
421 4297 488 4349 male
506 4295 537 4347 de
554 4295 649 4347 indicio
667 4296 863 4364 repetundarum
877 4300 963 4353 dicere
974 4299 1057 4352 iuberi
1068 4299 1216 4353 Ciceronem
1228 4299 1463 4368 emendandumque

308 4400 374 4448 esse,
392 4383 454 4452 quid
472 4381 633 4435 scribendum
652 4383 694 4445 sit,
712 4398 763 4435 non
781 4381 886 4434 addens.
921 4384 1010 4452 Neque
1033 4386 1101 4437 enIm
1118 4386 1316 4454 repetundarum
1334 4387 1384 4439 hoc
1401 4385 1463 4439 iudi-

308 4475 375 4527 cium
393 4471 515 4534 tutorum,
534 4470 579 4522 sed
597 4469 638 4521 rel
656 4470 790 4539 peculatus
813 4469 854 4522 rel
879 4473 1001 4538 pecuniae
1025 4473 1149 4526 residuae.
1191 4473 1315 4541 Equidem
1339 4473 1370 4525 de
1389 4487 1464 4542 quae·

308 4557 435 4612 stionibus
458 4557 605 4625 perpetuis,
632 4573 698 4625 quae
724 4556 772 4608 boc
795 4559 909 4624 tempore
931 4557 1000 4621 apud
1016 4559 1145 4610 Romanos
1168 4557 1274 4621 inerint,
1297 4572 1349 4609 non
1366 4557 1464 4621 dicam3

308 4645 372 4701 iilud
390 4661 467 4699 unum
485 4646 579 4711 indico,
596 4660 683 4698 carum
702 4643 853 4697 diiisionem
867 4659 897 4695 ac
913 4643 1037 4695 rationem
1051 4644 1220 4717 iongealiam
1237 4645 1317 4699 fusse
1334 4643 1418 4697 videri
1435 4658 1465 4696 ac
