3550 5492
504 637 597 694 ,1
873 571 1087 669 v-ooz

401 749 486 835 enim
506 768 689 835 existimatis
711 768 866 850 integrum
888 767 976 833 nobis
1004 768 1039 830 in
1060 766 1216 851 republica
1238 768 1300 831 iore
1323 768 1434 832 autin
1456 775 1559 834 vestra

343 903 345 907 ¹
400 875 541 938 libertate
559 893 593 958 ac
609 870 759 954 dignitate
774 869 981 950 retinendum,
1004 890 1074 932 cum
1088 869 1199 933 Rullus
1215 875 1307 952 atque
1321 869 1354 951 ii,
1371 891 1447 954 quos
1462 872 1559 936 multo

399 974 498 1058 magis
520 995 614 1057 quam
639 973 767 1038 Rullum
789 971 915 1052 timetis,
939 972 1115 1034 cumomni
1139 971 1296 1053 egentium
1325 978 1416 1056 atque
1445 974 1559 1059 impro-

399 1078 507 1142 borum
529 1098 641 1158 manu,
665 1095 736 1139 cum
759 1074 902 1138 omnibus
930 1074 1042 1158 copiis,
1072 1074 1249 1138 cumomni
1277 1082 1409 1158 argento·
1432 1084 1464 1142 et
1488 1099 1558 1143 auro

399 1181 537 1266 Capuam
559 1185 589 1243 ct
609 1180 700 1243 urbes
722 1179 803 1242 circa
826 1177 964 1262 Capuam
986 1179 1172 1264 occuparint.
1194 1210 1197 1215 ,

483 1285 540 1347 His
563 1303 618 1366 ego
639 1282 742 1361 rebus,
765 1286 868 1365 patres
890 1280 1065 1364 conscripti,
1088 1280 1230 1344 resistam
1245 1281 1451 1350 vehementer,
1466 1288 1557 1368 atque

398 1389 516 1453 acriter·
535 1408 634 1472 neque
667 1386 768 1470 patiar
797 1385 938 1449 homines
966 1406 1003 1449 ca
1029 1406 1078 1449 mc
1107 1385 1231 1450 consule
1265 1407 1455 1471 expromere,
1478 1405 1556 1469 quae

355 1497 502 1557 t3ccntra
531 1490 752 1575 rempublicam
784 1489 849 1553 iam
876 1489 932 1552 diu
959 1481 1129 1571 cogitarint'.
1163 1490 1337 1571 'Errastis,
1366 1490 1475 1572 Rulle,
1507 1512 1556 1555 ve-

397 1596 565 1676 hementer,
589 1600 620 1658 et
634 1600 670 1656 tu
691 1598 722 1656 et
743 1592 886 1656 nonnulli
902 1592 1033 1682 collegae
1054 1595 1112 1672 tui,
1135 1592 1189 1679 qui
1212 1595 1358 1680 sperastis
1374 1615 1428 1671 uos
1451 1602 1557 1658 contra

396 1698 553 1762 consulem
573 1697 712 1778 veritate,
736 1718 798 1764 non
820 1698 1024 1762 ostentatione
1040 1698 1217 1783 popularem
1238 1699 1375 1785 possein
1391 1698 1556 1762 evertenda

396 1800 553 1887 republica
573 1800 736 1885 populares
759 1793 940 1865 existimari.
970 1801 1098 1866 Lacessc
1122 1822 1189 1866 vos:
1213 1801 1442 1865 incentionem
1468 1822 1555 1865 voco:

326 1924 387 1978 1'111
396 1903 508 1989 populo
544 1904 680 1966 Romano
722 1902 923 1987 disceptatore
957 1903 1005 1967 uti
1040 1902 1118 1968 volo.
1184 1904 1318 1984 Etenim,
1355 1908 1391 1966 ut
1425 1903 1556 1967 circum-

323 2025 325 2029 ·
395 2001 562 2092 spiciamus
585 2005 697 2087 omnia,
720 2026 798 2089 quae
820 2005 932 2091 populo
959 2011 1046 2090 grata
1074 2012 1166 2092 atque
1193 2007 1329 2072 iucunda
1356 2010 1445 2087 sunt,
1478 2004 1555 2068 nihil

395 2114 459 2173 tam
481 2109 626 2194 populare
649 2128 743 2191 quam
763 2129 886 2193 pacem,
909 2128 1002 2192 quam
1024 2091 1234 2192 concordiam,
1264 2130 1358 2194 quam
1386 2106 1488 2171 otium
1511 2130 1555 2171 re·

466 2267 512 2328 Ι22.
526 2290 634 2337 inteurum
645 2287 710 2327 vebia
724 2307 748 2317 -
762 2288 867 2337 dionante
882 2288 1043 2329 retinendas·-
1056 2292 1185 2339 vocitarunt.

398 2436 481 2489 solere
499 2435 568 2488 enim
585 2434 691 2488 Latinos
710 2435 804 2488 erroris
816 2434 916 2488 vitandi
935 2451 1012 2489 causa
1028 2437 1056 2489 in
1073 2423 1311 2488 eodemenunti'atc
1329 2438 1356 2488 et
1372 2436 1481 2489 nomina
1499 2452 1554 2506 pro-

395 2521 452 2590 pria
469 2525 495 2573 et
517 2521 568 2573 alia
589 2521 716 2574 vocabula
738 2517 781 2573 bis'
797 2524 867 2573 terve
891 2523 980 2589 potius
1006 2537 1101 2590 ponere
1129 2537 1206 2591 quam
1228 2535 1315 2573 eorum
1338 2522 1554 2589 significationem

395 2607 544 2675 pronomine
563 2605 764 2659 demonstrativo
781 2606 903 2660 indicare.
926 2607 965 2659 Ex
978 2623 1071 2676 magna
1083 2607 1258 2676 exemplorum
1275 2608 1358 2676 copia,
1376 2624 1441 2675 quae
1462 2610 1554 2680 attulit,

394 2692 457 2745 haec
475 2691 565 2756 refero,
584 2708 662 2761 supra
679 2693 740 2756 §20
759 2691 851 2761 Capua
873 2721 907 2730 —
930 2692 1005 2746 arbes
1028 2709 1093 2760 quae
1116 2694 1213 2745 circuni
1233 2691 1347 2762 Capuan
1371 2701 1442 2757 sunt,
1463 2692 1552 2764 Pomp.

386 2778 463 2847 'apud
481 2777 533 2830 Cic.
551 2778 626 2846 epist.
645 2778 713 2842 vui,
736 2779 776 2843 12,
794 2780 825 2843 A,
843 2778 860 2831 3
880 2778 985 2848 Capuae
1004 2787 1030 2832 et
1046 2780 1118 2832 circa
1137 2777 1265 2849 Capuan,-
1284 2779 1317 2831 ad
1334 2779 1387 2830 nit.
1410 2778 1482 2846 XVI,
1501 2781 1550 2845 8,1

396 2863 501 2932 Capuae
518 2865 560 2916 cel
575 2882 626 2916 non
647 2851 720 2933 lcnpe
738 2883 755 2916 a
774 2862 877 2933 Capua·
900 2882 925 2934 p.
943 2867 1008 2919 lliur.
1027 2865 1073 2930 15,
1092 2865 1126 2919 28
1142 2881 1223 2932 neqcte
1246 2872 1321 2917 entra
1338 2863 1552 2934 Romanaeque

392 2949 505 3014 liemon
523 2950 556 3002 ad
574 2950 629 3003 1111.
641 2951 703 3015 V,‘l
722 2968 779 3003 cuin
796 2950 920 3019 Pompeii
938 2959 964 3004 et
979 2952 1053 3021 opud
1068 2950 1231 3020 Pompeiani,
1248 2967 1274 3018 p.
1291 2949 1375 3002 naec.
1396 2951 1436 3014 14,
1447 2949 1483 3003 32
1500 2969 1552 3004 uno

389 3053 457 3111 parc
474 3052 555 3104 supra
571 3034 710 3104 Ephesum,
729 3037 813 3088 altc'rc
827 3053 895 3105 pars
913 3037 986 3105 infra
1003 3035 1147 3106 Ephesuinc
1165 3037 1197 3088 de
1214 3039 1267 3104 opt.
1286 3051 1342 3103 gen.
1360 3037 1385 3099 4,
1398 3036 1430 3089 10
1447 3037 1479 3089 in
1490 3036 1551 3106 sero

331 3118 335 3128 ’
393 3129 418 3174 ct
434 3123 462 3173 in
480 3121 595 3174 erunibus
613 3123 722 3192 teinplis,
740 3139 813 3190 quoe.
824 3122 922 3176 1111111
939 3123 1030 3191 sorum
1052 3125 1122 3176 snntl
1153 3123 1313 3191 Quamquam
1335 3121 1404 3190 quod
1426 3121 1498 3176 idem
1507 3123 1553 3181 -111

315 3252 318 3257 .
393 3206 483 3260 doctus
503 3223 551 3276 pro
572 3224 603 3260 eo
621 3207 690 3276 quod
717 3213 757 3261 est
783 3208 855 3261 circa
876 3207 992 3278 Capuam
1019 3208 1182 3268 scribendum
1208 3225 1265 3261 esse
1287 3209 1434 3276 suspicatur
1452 3210 1552 3262 circum

323 3349 326 3354 ,
392 3296 528 3361 propterea
546 3293 615 3362 quod
638 3309 668 3347 ea
691 3295 890 3362 praepositionis
915 3295 998 3347 forma
1020 3296 1076 3348 sola
1099 3296 1167 3363 apud
1185 3293 1333 3348 Ciceronem
1351 3295 1447 3347 usitata
1465 3295 1552 3359 fucrit,

392 3365 527 3431 dissentire
545 3394 592 3432 nos
610 3379 682 3431 iubet
698 3380 723 3432 h.
742 3379 759 3432 l.
778 3395 918 3434 consensus
937 3381 1062 3446 1111111111,
1079 3382 1191 3449 itemque
1212 3383 1239 3433 11
1256 3380 1329 3436 Verr.
1346 3381 1371 3446 I,
1388 3380 1436 3446 48,
1457 3381 1508 3436 lte
1527 3384 1552 3433 et

392 3464 434 3529 51,
453 3465 515 3530 1333
532 3464 577 3531 IV,
595 3464 638 3530 48,
656 3466 706 3519 107
724 3465 883 3520 1111111111
901 3467 1001 3520 ridetur
1018 3467 1086 3521 edi·

479 3568 519 3621 23.
543 3569 662 3621 nonnulli
684 3569 808 3636 collapsa,
834 3571 879 3638 qui
895 3571 999 3624 Rullum
1025 3572 1051 3624 in
1073 3572 1178 3626 ferenda
1199 3573 1259 3642 lege,
1277 3571 1440 3625 adiuvabant.
1483 3571 1552 3637 Quot

392 3654 494 3718 luerint,
512 3670 564 3708 non
581 3643 692 3718 constat,
705 3653 793 3707 Cicero
811 3656 913 3723 quidem
930 3658 1067 3712 nonnullos
1084 3658 1171 3712 dicens
1189 3675 1241 3711 non
1258 3659 1353 3711 multos
1369 3658 1453 3710 tuisse
1471 3659 1552 3727 sigui·

392 3738 460 3792 ficet.
486 3738 552 3791 Illud
569 3743 667 3793 certum
684 3743 732 3804 est,
751 3741 773 3793 si
791 3743 941 3809 persisteret
959 3744 1059 3809 Rullus,
1077 3749 1181 3813 paratos
1199 3745 1278 3797 fuisse
1296 3746 1492 3798 intercessores.
1510 3743 1550 3798 01.

320 3889 326 3901 ¹
367 3831 369 3836 ’
392 3825 443 3878 Cic.
453 3843 479 3893 p.
489 3825 553 3879 Sull.
564 3825 605 3891 23,
618 3826 659 3880 65.
677 3821 758 3880 Paulo
768 3831 828 3895 post
835 3829 945 3882 veritate
955 3846 1006 3883 nou
1015 3834 1054 3884 est
1064 3832 1080 3884 i.
1094 3848 1117 3898 q.
1136 3847 1254 3895 111111,
1272 3831 1318 3884 sed
1336 3830 1413 3882 animi
1431 3831 1474 3882 sui
1491 3845 1551 3883 con-

392 3912 477 3964 silium
495 3919 588 3964 verum
601 3915 676 3980 atque
693 3912 820 3981 integrum
838 3915 975 3983 stgnificat.
1011 3917 1048 3970 Cf.
1067 3933 1107 3985 ep.
1125 3917 1202 3982 XIII,
1220 3917 1267 3981 31,
1285 3918 1301 3970 2
1319 3932 1399 3983 neque
1422 3915 1453 3967 id
1469 3915 1551 3968 ombi-

392 3998 459 4049 tione
476 3998 603 4050 attinctus
614 3997 699 4065 socio,
716 4000 762 4052 scd
782 4018 839 4072 1111
850 4002 1039 4070 familiaritate
1057 4011 1082 4056 ct
1098 4005 1297 4067 necessitudine,
1315 4009 1367 4055 tuin
1385 4001 1465 4054 ctiam
1482 4002 1551 4054 neri·

391 4089 450 4136 tate.
489 4083 567 4135 Plura
584 4087 669 4137 autem
692 4086 723 4161 de
741 4088 860 4155 populari
881 4089 1017 4142 consulatu
1035 4106 1081 4142 suc
1101 4092 1207 4158 exponit
1225 4093 1288 4144 orat.
1306 4089 1339 4154 11,
1356 4089 1382 4153 4,
1400 4089 1424 4140 9.
1442 4115 1479 4126 —
1497 4088 1551 4141 dis·

389 4175 520 4236 captatore
537 4169 555 4220 1.
573 4185 595 4222 e.
613 4170 717 4225 arbitro.
753 4169 820 4224 Nam
844 4174 990 4243 disceptare
1013 4177 1039 4227 et
1061 4176 1213 4244 disceptatio
1236 4177 1298 4230 item
1320 4156 1474 4243 significant¹
1486 4189 1549 4228 ,con-

389 4253 502 4317 tendere,
518 4249 723 4321 contentionem,
749 4259 908 4328 disceptator
926 4278 1003 4313 unam
1025 4262 1092 4314 hanc
1110 4262 1322 4331 significationem
1346 4259 1424 4312 habat
1443 4254 1549 4324 iudicis,

329 4405 333 4415 Ι
389 4340 431 4405 qui
448 4340 581 4407 perpensis
598 4344 727 4413 utrimque
743 4346 885 4418 rationibus
904 4346 935 4399 de
952 4364 980 4400 re
997 4349 1155 4416 pronuntiat,
1172 4352 1211 4401 est
1228 4348 1270 4401 rei
1286 4342 1479 4411 seitcntiqeqae
1497 4363 1550 4399 iuo-

387 4423 500 4487 aranr,
518 4437 546 4477 ui
564 4428 600 4479 att
616 4433 683 4496 part.
701 4435 765 4484 ora.
784 4430 809 4496 3,
829 4433 869 4486 10.
893 4431 931 4486 cf.
950 4432 981 4486 ce
999 4434 1110 4503 leg.111,
1128 4433 1153 4498 3,
1171 4434 1196 4488 s.
1214 4463 1248 4472 -
1268 4419 1423 4485 tractastis.
1455 4431 1550 4485 cricu-

387 4524 434 4562 111
452 4510 522 4575 dicit,
539 4508 658 4581 quicum
676 4517 713 4570 IV
729 4517 766 4569 Id.
784 4517 844 4571 Dec.
862 4519 1041 4587 magistratum
1059 4521 1182 4584 inissent,
1207 4519 1353 4580 effecerant,
1371 4520 1400 4568 ut
1418 4515 1476 4571 Cal.
1493 4519 1548 4571 Ian.

386 4597 480 4647 tantus
491 4595 518 4647 11
536 4598 640 4654 ciuitate
658 4605 741 4655 matus
759 4619 789 4656 ac
812 4604 1128 4669 sollicitudoversaretur.
1158 4592 1203 4657 Cf.
1221 4606 1285 4657 crat.
1303 4602 1341 4667 11,
1360 4600 1389 4666 3,
1407 4600 1432 4654 8.
1471 4600 1549 4669 Quod

386 4676 552 4733 seditionibus
564 4685 721 4755 scripsimus,
733 4689 878 4742 necessaria
896 4692 972 4759 atque
983 4690 1087 4761 elegans
1099 4684 1195 4744 Iuntini
1206 4688 1312 4763 editoris
1329 4690 1370 4742 est
1386 4686 1549 4743 coniectura.
