<?xml version="1.0" encoding="UTF-8"?>
<!DOCTYPE html PUBLIC "-//W3C//DTD XHTML 1.0 Transitional//EN"
    "http://www.w3.org/TR/xhtml1/DTD/xhtml1-transitional.dtd">
<html xmlns="http://www.w3.org/1999/xhtml" xml:lang="en" lang="en">
 <head>
  <title>
</title>
<meta http-equiv="Content-Type" content="text/html;charset=utf-8" />
  <meta name='ocr-system' content='tesseract 3.04.00' />
  <meta name='ocr-capabilities' content='ocr_page ocr_carea ocr_par ocr_line ocrx_word'/>
</head>
<body>
  <div class='ocr_page' id='page_1' title='image "./orationestresde00cicegoog/orationestresde00cicegoog_0076.png"; bbox 0 0 3550 5492; ppageno 0'>
   <div class='ocr_carea' id='block_1_1' title="bbox 864 572 1086 637">
    <p class='ocr_par' dir='ltr' id='par_1_1' title="bbox 864 572 1086 637">
     <span class='ocr_line' id='line_1_1' title="bbox 864 572 1086 637; baseline 0.009 -19"><span class='ocrx_word' id='word_1_1' title='bbox 864 572 1086 637; x_wconf 77' lang='grc'><strong>-36-</strong></span> 
     </span>
    </p>
   </div>
   <div class='ocr_carea' id='block_1_2' title="bbox 374 735 1558 2058">
    <p class='ocr_par' dir='ltr' id='par_1_2' title="bbox 374 735 1558 2058">
     <span class='ocr_line' id='line_1_2' title="bbox 393 735 1556 823; baseline 0.001 -20"><span class='ocrx_word' id='word_1_2' title='bbox 393 760 449 823; x_wconf 91' lang='lat' dir='ltr'>ego</span> <span class='ocrx_word' id='word_1_3' title='bbox 483 759 543 803; x_wconf 92' lang='lat' dir='ltr'>non</span> <span class='ocrx_word' id='word_1_4' title='bbox 579 737 678 802; x_wconf 91' lang='lat' dir='ltr'>solum</span> <span class='ocrx_word' id='word_1_5' title='bbox 710 735 897 820; x_wconf 83' lang='lat' dir='ltr'>suspicarer,</span> <span class='ocrx_word' id='word_1_6' title='bbox 936 735 988 798; x_wconf 86' lang='lat' dir='ltr'>scd</span> <span class='ocrx_word' id='word_1_7' title='bbox 1017 735 1108 820; x_wconf 89' lang='lat' dir='ltr'>plane</span> <span class='ocrx_word' id='word_1_8' title='bbox 1141 757 1297 802; x_wconf 76' lang='lat' dir='ltr'>cernerem</span> <span class='ocrx_word' id='word_1_9' title='bbox 1329 739 1445 823; x_wconf 90' lang='lat' dir='ltr'>(neque</span> <span class='ocrx_word' id='word_1_10' title='bbox 1476 741 1556 805; x_wconf 91' lang='lat' dir='ltr'>enim</span> 
     </span>
     <span class='ocr_line' id='line_1_3' title="bbox 394 821 1556 927; baseline -0.001 -20"><span class='ocrx_word' id='word_1_11' title='bbox 394 844 520 907; x_wconf 82' lang='lat' dir='ltr'>obscure</span> <span class='ocrx_word' id='word_1_12' title='bbox 544 839 751 925; x_wconf 77' lang='lat' dir='ltr'>gerebantur),</span> <span class='ocrx_word' id='word_1_13' title='bbox 783 838 847 901; x_wconf 86' lang='lat' dir='ltr'>dixi</span> <span class='ocrx_word' id='word_1_14' title='bbox 875 838 910 900; x_wconf 91' lang='lat' dir='ltr'>in</span> <span class='ocrx_word' id='word_1_15' title='bbox 939 842 1048 901; x_wconf 89' lang='lat' dir='ltr'>senatu</span> <span class='ocrx_word' id='word_1_16' title='bbox 1071 838 1105 900; x_wconf 93' lang='lat' dir='ltr'>in</span> <span class='ocrx_word' id='word_1_17' title='bbox 1133 838 1189 902; x_wconf 93' lang='lat' dir='ltr'>hoo</span> <span class='ocrx_word' id='word_1_18' title='bbox 1215 840 1399 923; x_wconf 86' lang='lat' dir='ltr'>magistratu</span> <span class='ocrx_word' id='word_1_19' title='bbox 1431 821 1489 905; x_wconf 76' lang='lat' dir='ltr'>me</span> <span class='ocrx_word' id='word_1_20' title='bbox 1506 863 1556 927; x_wconf 79' lang='lat' dir='ltr'>pe</span> 
     </span>
     <span class='ocr_line' id='line_1_4' title="bbox 395 936 1556 1031; baseline -0.002 -21"><span class='ocrx_word' id='word_1_21' title='bbox 395 946 535 1031; x_wconf 89' lang='lat' dir='ltr'>pularem</span> <span class='ocrx_word' id='word_1_22' title='bbox 557 944 714 1008; x_wconf 91' lang='lat' dir='ltr'>consulem</span> <span class='ocrx_word' id='word_1_23' title='bbox 737 944 885 1006; x_wconf 84' lang='lat' dir='ltr'>futurum.</span> <span class='ocrx_word' id='word_1_24' title='bbox 932 940 1013 1018; x_wconf 83' lang='lat' dir='ltr'>Quid</span> <span class='ocrx_word' id='word_1_25' title='bbox 1035 940 1117 1003; x_wconf 89' lang='lat' dir='ltr'>enirn</span> <span class='ocrx_word' id='word_1_26' title='bbox 1141 948 1189 1005; x_wconf 89' lang='lat' dir='ltr'>est</span> <span class='ocrx_word' id='word_1_27' title='bbox 1210 936 1281 1007; x_wconf 90' lang='lat' dir='ltr'>tam</span> <span class='ocrx_word' id='word_1_28' title='bbox 1296 943 1443 1028; x_wconf 87' lang='lat' dir='ltr'>populare</span> <span class='ocrx_word' id='word_1_29' title='bbox 1467 966 1556 1029; x_wconf 89' lang='lat' dir='ltr'>qnam</span> 
     </span>
     <span class='ocr_line' id='line_1_5' title="bbox 392 1045 1555 1134; baseline -0.001 -23"><span class='ocrx_word' id='word_1_30' title='bbox 392 1047 475 1134; x_wconf 80' lang='lat' dir='ltr'>per?</span> <span class='ocrx_word' id='word_1_31' title='bbox 497 1049 530 1112; x_wconf 94' lang='lat' dir='ltr'>in</span> <span class='ocrx_word' id='word_1_32' title='bbox 553 1069 614 1131; x_wconf 90' lang='lat' dir='ltr'>qua</span> <span class='ocrx_word' id='word_1_33' title='bbox 636 1068 696 1111; x_wconf 91' lang='lat' dir='ltr'>nou</span> <span class='ocrx_word' id='word_1_34' title='bbox 712 1047 802 1110; x_wconf 91' lang='lat' dir='ltr'>modo</span> <span class='ocrx_word' id='word_1_35' title='bbox 824 1046 857 1126; x_wconf 89' lang='lat' dir='ltr'>ii,</span> <span class='ocrx_word' id='word_1_36' title='bbox 881 1045 992 1128; x_wconf 89' lang='lat' dir='ltr'>quibus</span> <span class='ocrx_word' id='word_1_37' title='bbox 1008 1048 1120 1106; x_wconf 90' lang='lat' dir='ltr'>natura</span> <span class='ocrx_word' id='word_1_38' title='bbox 1135 1063 1260 1109; x_wconf 89' lang='lat' dir='ltr'>sensum</span> <span class='ocrx_word' id='word_1_39' title='bbox 1276 1045 1368 1126; x_wconf 90' lang='lat' dir='ltr'>dedit,</span> <span class='ocrx_word' id='word_1_40' title='bbox 1392 1046 1555 1110; x_wconf 87' lang='lat' dir='ltr'>sedetiam</span> 
     </span>
     <span class='ocr_line' id='line_1_6' title="bbox 394 1145 1555 1233; baseline 0 -20"><span class='ocrx_word' id='word_1_41' title='bbox 394 1156 476 1213; x_wconf 87' lang='lat' dir='ltr'>tecta</span> <span class='ocrx_word' id='word_1_42' title='bbox 498 1156 589 1232; x_wconf 88' lang='lat' dir='ltr'>atque</span> <span class='ocrx_word' id='word_1_43' title='bbox 612 1148 679 1230; x_wconf 86' lang='lat' dir='ltr'>agri</span> <span class='ocrx_word' id='word_1_44' title='bbox 694 1147 772 1210; x_wconf 90' lang='lat' dir='ltr'>mihi</span> <span class='ocrx_word' id='word_1_45' title='bbox 795 1145 904 1209; x_wconf 85' lang='lat' dir='ltr'>laetari</span> <span class='ocrx_word' id='word_1_46' title='bbox 920 1145 1074 1209; x_wconf 87' lang='lat' dir='ltr'>videntur.</span> <span class='ocrx_word' id='word_1_47' title='bbox 1112 1146 1192 1222; x_wconf 83' lang='lat' dir='ltr'>Quid</span> <span class='ocrx_word' id='word_1_48' title='bbox 1214 1151 1278 1210; x_wconf 90' lang='lat' dir='ltr'>tarn</span> <span class='ocrx_word' id='word_1_49' title='bbox 1300 1147 1449 1233; x_wconf 88' lang='lat' dir='ltr'>populere</span> <span class='ocrx_word' id='word_1_50' title='bbox 1464 1169 1555 1232; x_wconf 86' lang='lat' dir='ltr'>quam</span> 
     </span>
     <span class='ocr_line' id='line_1_7' title="bbox 393 1245 1556 1335; baseline -0.001 -21"><span class='ocrx_word' id='word_1_51' title='bbox 393 1250 541 1317; x_wconf 85' lang='lat' dir='ltr'>libertas?</span> <span class='ocrx_word' id='word_1_52' title='bbox 571 1271 664 1335; x_wconf 91' lang='lat' dir='ltr'>quam</span> <span class='ocrx_word' id='word_1_53' title='bbox 686 1272 747 1314; x_wconf 93' lang='lat' dir='ltr'>non</span> <span class='ocrx_word' id='word_1_54' title='bbox 771 1249 872 1312; x_wconf 89' lang='lat' dir='ltr'>solum</span> <span class='ocrx_word' id='word_1_55' title='bbox 895 1249 933 1311; x_wconf 88' lang='lat' dir='ltr'>ab</span> <span class='ocrx_word' id='word_1_56' title='bbox 957 1245 1144 1327; x_wconf 87' lang='lat' dir='ltr'>hominibus,</span> <span class='ocrx_word' id='word_1_57' title='bbox 1161 1267 1269 1310; x_wconf 50' lang='lat' dir='ltr'>iterum</span> <span class='ocrx_word' id='word_1_58' title='bbox 1293 1249 1428 1313; x_wconf 79' lang='lat' dir='ltr'>etiams</span> <span class='ocrx_word' id='word_1_59' title='bbox 1452 1250 1556 1315; x_wconf 85' lang='lat' dir='ltr'>bestiis</span> 
     </span>
     <span class='ocr_line' id='line_1_8' title="bbox 374 1348 1556 1441; baseline -0.007 -19"><span class='ocrx_word' id='word_1_60' title='bbox 374 1356 495 1441; x_wconf 83' lang='lat' dir='ltr'>expeti</span> <span class='ocrx_word' id='word_1_61' title='bbox 520 1360 612 1438; x_wconf 89' lang='lat' dir='ltr'>atquo</span> <span class='ocrx_word' id='word_1_62' title='bbox 628 1354 772 1420; x_wconf 90' lang='lat' dir='ltr'>omnibus</span> <span class='ocrx_word' id='word_1_63' title='bbox 795 1353 886 1417; x_wconf 87' lang='lat' dir='ltr'>rebus</span> <span class='ocrx_word' id='word_1_64' title='bbox 911 1348 1057 1433; x_wconf 77' lang='lat' dir='ltr'>anteponi</span> <span class='ocrx_word' id='word_1_65' title='bbox 1077 1348 1198 1415; x_wconf 89' lang='lat' dir='ltr'>videtis.</span> <span class='ocrx_word' id='word_1_66' title='bbox 1234 1351 1316 1426; x_wconf 90' lang='lat' dir='ltr'>Quid</span> <span class='ocrx_word' id='word_1_67' title='bbox 1329 1357 1394 1416; x_wconf 88' lang='lat' dir='ltr'>tarn</span> <span class='ocrx_word' id='word_1_68' title='bbox 1409 1352 1556 1437; x_wconf 85' lang='lat' dir='ltr'>populare</span> 
     </span>
     <span class='ocr_line' id='line_1_9' title="bbox 392 1454 1556 1544; baseline -0.002 -22"><span class='ocrx_word' id='word_1_69' title='bbox 392 1480 486 1544; x_wconf 91' lang='lat' dir='ltr'>quarn</span> <span class='ocrx_word' id='word_1_70' title='bbox 509 1457 628 1522; x_wconf 86' lang='lat' dir='ltr'>otium?</span> <span class='ocrx_word' id='word_1_71' title='bbox 657 1458 738 1541; x_wconf 92' lang='lat' dir='ltr'>quod</span> <span class='ocrx_word' id='word_1_72' title='bbox 760 1457 805 1521; x_wconf 89' lang='lat' dir='ltr'>ita</span> <span class='ocrx_word' id='word_1_73' title='bbox 834 1454 1006 1519; x_wconf 92' lang='lat' dir='ltr'>iucundum</span> <span class='ocrx_word' id='word_1_74' title='bbox 1028 1459 1091 1534; x_wconf 86' lang='lat' dir='ltr'>est,</span> <span class='ocrx_word' id='word_1_75' title='bbox 1121 1460 1157 1518; x_wconf 91' lang='lat' dir='ltr'>ut</span> <span class='ocrx_word' id='word_1_76' title='bbox 1184 1461 1215 1517; x_wconf 91' lang='lat' dir='ltr'>et</span> <span class='ocrx_word' id='word_1_77' title='bbox 1240 1476 1300 1520; x_wconf 86' lang='lat' dir='ltr'>vos.</span> <span class='ocrx_word' id='word_1_78' title='bbox 1317 1462 1347 1520; x_wconf 90' lang='lat' dir='ltr'>et</span> <span class='ocrx_word' id='word_1_79' title='bbox 1368 1456 1556 1522; x_wconf 83' lang='lat' dir='ltr'>fortissimus</span> 
     </span>
     <span class='ocr_line' id='line_1_10' title="bbox 392 1555 1558 1647; baseline -0.004 -19"><span class='ocrx_word' id='word_1_80' title='bbox 392 1564 522 1647; x_wconf 89' lang='lat' dir='ltr'>quisque</span> <span class='ocrx_word' id='word_1_81' title='bbox 540 1563 588 1626; x_wconf 87' lang='lat' dir='ltr'>vir</span> <span class='ocrx_word' id='word_1_82' title='bbox 610 1561 762 1626; x_wconf 84' lang='lat' dir='ltr'>maximos</span> <span class='ocrx_word' id='word_1_83' title='bbox 783 1560 903 1624; x_wconf 89' lang='lat' dir='ltr'>labores</span> <span class='ocrx_word' id='word_1_84' title='bbox 927 1555 1136 1640; x_wconf 88' lang='lat' dir='ltr'>suscipiendos</span> <span class='ocrx_word' id='word_1_85' title='bbox 1158 1562 1254 1641; x_wconf 91' lang='lat' dir='ltr'>putet,</span> <span class='ocrx_word' id='word_1_86' title='bbox 1279 1563 1314 1621; x_wconf 92' lang='lat' dir='ltr'>ut</span> <span class='ocrx_word' id='word_1_87' title='bbox 1335 1559 1508 1644; x_wconf 89' lang='lat' dir='ltr'>aliquande</span> <span class='ocrx_word' id='word_1_88' title='bbox 1526 1561 1558 1624; x_wconf 93' lang='lat' dir='ltr'>in</span> 
     </span>
     <span class='ocr_line' id='line_1_11' title="bbox 393 1659 1558 1750; baseline -0.002 -21"><span class='ocrx_word' id='word_1_89' title='bbox 393 1666 454 1729; x_wconf 91' lang='lat' dir='ltr'>otio</span> <span class='ocrx_word' id='word_1_90' title='bbox 476 1664 576 1750; x_wconf 90' lang='lat' dir='ltr'>possit</span> <span class='ocrx_word' id='word_1_91' title='bbox 597 1685 672 1746; x_wconf 85' lang='lat' dir='ltr'>esse,</span> <span class='ocrx_word' id='word_1_92' title='bbox 696 1663 877 1749; x_wconf 87' lang='lat' dir='ltr'>praesertim</span> <span class='ocrx_word' id='word_1_93' title='bbox 902 1662 935 1724; x_wconf 92' lang='lat' dir='ltr'>in</span> <span class='ocrx_word' id='word_1_94' title='bbox 958 1659 1087 1744; x_wconf 91' lang='lat' dir='ltr'>imperio</span> <span class='ocrx_word' id='word_1_95' title='bbox 1111 1679 1145 1722; x_wconf 87' lang='lat' dir='ltr'>ao</span> <span class='ocrx_word' id='word_1_96' title='bbox 1162 1660 1328 1744; x_wconf 74' lang='lat' dir='ltr'>dignitate:</span> <span class='ocrx_word' id='word_1_97' title='bbox 1351 1663 1428 1746; x_wconf 92' lang='lat' dir='ltr'>quin</span> <span class='ocrx_word' id='word_1_98' title='bbox 1446 1664 1558 1727; x_wconf 87' lang='lat' dir='ltr'>ideirco</span> 
     </span>
     <span class='ocr_line' id='line_1_12' title="bbox 393 1763 1554 1852; baseline -0.001 -21"><span class='ocrx_word' id='word_1_99' title='bbox 393 1769 487 1832; x_wconf 88' lang='lat' dir='ltr'>etiam</span> <span class='ocrx_word' id='word_1_100' title='bbox 499 1767 671 1832; x_wconf 90' lang='lat' dir='ltr'>maioribus</span> <span class='ocrx_word' id='word_1_101' title='bbox 693 1767 809 1831; x_wconf 90' lang='lat' dir='ltr'>nostris</span> <span class='ocrx_word' id='word_1_102' title='bbox 832 1764 1029 1852; x_wconf 89' lang='lat' dir='ltr'>praecipuam</span> <span class='ocrx_word' id='word_1_103' title='bbox 1043 1763 1165 1827; x_wconf 89' lang='lat' dir='ltr'>laudem</span> <span class='ocrx_word' id='word_1_104' title='bbox 1189 1764 1378 1848; x_wconf 81' lang='lat' dir='ltr'>gratiamque</span> <span class='ocrx_word' id='word_1_105' title='bbox 1395 1765 1554 1847; x_wconf 84' lang='lat' dir='ltr'>debemus,</span> 
     </span>
     <span class='ocr_line' id='line_1_13' title="bbox 392 1863 1552 1955; baseline -0.002 -20"><span class='ocrx_word' id='word_1_106' title='bbox 392 1871 475 1955; x_wconf 89' lang='lat' dir='ltr'>quod</span> <span class='ocrx_word' id='word_1_107' title='bbox 496 1891 601 1934; x_wconf 89' lang='lat' dir='ltr'>eorum</span> <span class='ocrx_word' id='word_1_108' title='bbox 623 1870 727 1936; x_wconf 88' lang='lat' dir='ltr'>labore</span> <span class='ocrx_word' id='word_1_109' title='bbox 750 1869 945 1948; x_wconf 85' lang='lat' dir='ltr'>estfactum,</span> <span class='ocrx_word' id='word_1_110' title='bbox 968 1871 1005 1930; x_wconf 91' lang='lat' dir='ltr'>ut</span> <span class='ocrx_word' id='word_1_111' title='bbox 1026 1865 1152 1949; x_wconf 91' lang='lat' dir='ltr'>impunc</span> <span class='ocrx_word' id='word_1_112' title='bbox 1174 1863 1209 1927; x_wconf 88' lang='lat' dir='ltr'>in</span> <span class='ocrx_word' id='word_1_113' title='bbox 1224 1865 1285 1929; x_wconf 90' lang='lat' dir='ltr'>otio</span> <span class='ocrx_word' id='word_1_114' title='bbox 1307 1886 1372 1930; x_wconf 86' lang='lat' dir='ltr'>esse</span> <span class='ocrx_word' id='word_1_115' title='bbox 1388 1867 1552 1951; x_wconf 87' lang='lat' dir='ltr'>possimus.</span> 
     </span>
     <span class='ocr_line' id='line_1_14' title="bbox 393 1969 1553 2058; baseline 0.001 -21"><span class='ocrx_word' id='word_1_116' title='bbox 393 1974 492 2049; x_wconf 85' lang='lat' dir='ltr'>Quare</span> <span class='ocrx_word' id='word_1_117' title='bbox 515 1973 569 2057; x_wconf 90' lang='lat' dir='ltr'>qui</span> <span class='ocrx_word' id='word_1_118' title='bbox 591 1993 717 2058; x_wconf 86' lang='lat' dir='ltr'>pessum</span> <span class='ocrx_word' id='word_1_119' title='bbox 741 1994 803 2037; x_wconf 92' lang='lat' dir='ltr'>non</span> <span class='ocrx_word' id='word_1_120' title='bbox 825 1993 893 2035; x_wconf 89' lang='lat' dir='ltr'>esse</span> <span class='ocrx_word' id='word_1_121' title='bbox 916 1969 1082 2058; x_wconf 87' lang='lat' dir='ltr'>popularis,</span> <span class='ocrx_word' id='word_1_122' title='bbox 1106 1991 1176 2034; x_wconf 91' lang='lat' dir='ltr'>cum</span> <span class='ocrx_word' id='word_1_123' title='bbox 1199 1970 1319 2036; x_wconf 91' lang='lat' dir='ltr'>videam</span> <span class='ocrx_word' id='word_1_124' title='bbox 1342 1972 1417 2037; x_wconf 90' lang='lat' dir='ltr'>haec</span> <span class='ocrx_word' id='word_1_125' title='bbox 1440 1975 1553 2055; x_wconf 90' lang='lat' dir='ltr'>omnia,</span> 
     </span>
    </p>
   </div>
   <div class='ocr_carea' id='block_1_3' title="bbox 392 2100 1554 2221">
    <p class='ocr_par' dir='ltr' id='par_1_3' title="bbox 392 2100 1554 2221">
     <span class='ocr_line' id='line_1_15' title="bbox 477 2100 1554 2150; baseline 0.005 -10"><span class='ocrx_word' id='word_1_126' title='bbox 477 2101 497 2140; x_wconf 88' lang='grc'>9.</span> <span class='ocrx_word' id='word_1_127' title='bbox 512 2101 567 2148; x_wconf 75' lang='lat' dir='ltr'>Quid</span> <span class='ocrx_word' id='word_1_128' title='bbox 581 2106 611 2141; x_wconf 78' lang='lat' dir='ltr'>est</span> <span class='ocrx_word' id='word_1_129' title='bbox 624 2101 687 2141; x_wconf 78' lang='lat' dir='ltr'>euim.</span> <span class='ocrx_word' id='word_1_130' title='bbox 696 2120 721 2130; x_wconf 96' lang='lat'>-</span> <span class='ocrx_word' id='word_1_131' title='bbox 728 2100 789 2150; x_wconf 75' lang='lat' dir='ltr'>puel</span> <span class='ocrx_word' id='word_1_132' title='bbox 804 2110 845 2147; x_wconf 78' lang='lat' dir='ltr'>qua</span> <span class='ocrx_word' id='word_1_133' title='bbox 860 2111 901 2139; x_wconf 82' lang='lat' dir='ltr'>uon</span> <span class='ocrx_word' id='word_1_134' title='bbox 916 2101 978 2139; x_wconf 83' lang='lat' dir='ltr'>modo</span> <span class='ocrx_word' id='word_1_135' title='bbox 992 2101 1017 2138; x_wconf 78' lang='lat' dir='ltr'>ei.</span> <span class='ocrx_word' id='word_1_136' title='bbox 1027 2119 1052 2128; x_wconf 93' lang='lat'><em>-</em></span> <span class='ocrx_word' id='word_1_137' title='bbox 1062 2103 1082 2140; x_wconf 79' lang='lat' dir='ltr'>et</span> <span class='ocrx_word' id='word_1_138' title='bbox 1094 2108 1130 2138; x_wconf 81' lang='lat' dir='ltr'>uos</span> <span class='ocrx_word' id='word_1_139' title='bbox 1139 2103 1160 2139; x_wconf 82' lang='lat' dir='ltr'>et</span> <span class='ocrx_word' id='word_1_140' title='bbox 1172 2101 1266 2139; x_wconf 76' lang='lat' dir='ltr'>maiores</span> <span class='ocrx_word' id='word_1_141' title='bbox 1275 2100 1341 2140; x_wconf 73' lang='lat' dir='ltr'>uestri</span> <span class='ocrx_word' id='word_1_142' title='bbox 1349 2103 1369 2140; x_wconf 81' lang='lat' dir='ltr'>el</span> <span class='ocrx_word' id='word_1_143' title='bbox 1376 2103 1554 2148; x_wconf 72' lang='lat' dir='ltr'>fortissimus.-</span> 
     </span>
     <span class='ocr_line' id='line_1_16' title="bbox 392 2173 694 2221; baseline -0.013 -8"><span class='ocrx_word' id='word_1_144' title='bbox 392 2175 424 2214; x_wconf 81' lang='lat' dir='ltr'>uls&#39;</span> <span class='ocrx_word' id='word_1_145' title='bbox 436 2173 528 2221; x_wconf 79' lang='lat' dir='ltr'>impune.</span> <span class='ocrx_word' id='word_1_146' title='bbox 541 2190 566 2200; x_wconf 99' lang='lat'>-</span> <span class='ocrx_word' id='word_1_147' title='bbox 578 2180 694 2221; x_wconf 82' lang='lat' dir='ltr'>possemus.</span> 
     </span>
    </p>
   </div>
   <div class='ocr_carea' id='block_1_4' title="bbox 385 2248 1555 4733">
    <p class='ocr_par' dir='ltr' id='par_1_4' title="bbox 385 2248 1555 4733">
     <span class='ocr_line' id='line_1_17' title="bbox 479 2248 1553 2318; baseline 0.004 -17"><span class='ocrx_word' id='word_1_148' title='bbox 479 2249 503 2302; x_wconf 81' lang='lat' dir='ltr'>u.</span> <span class='ocrx_word' id='word_1_149' title='bbox 522 2265 651 2302; x_wconf 79' lang='lat' dir='ltr'>cernerem</span> <span class='ocrx_word' id='word_1_150' title='bbox 668 2249 727 2317; x_wconf 89' lang='lat' dir='ltr'>plus</span> <span class='ocrx_word' id='word_1_151' title='bbox 745 2251 785 2300; x_wconf 88' lang='lat' dir='ltr'>est</span> <span class='ocrx_word' id='word_1_152' title='bbox 803 2263 879 2315; x_wconf 89' lang='lat' dir='ltr'>quam</span> <span class='ocrx_word' id='word_1_153' title='bbox 897 2248 1019 2302; x_wconf 66' lang='lat' dir='ltr'>villeram.</span> <span class='ocrx_word' id='word_1_154' title='bbox 1055 2248 1122 2302; x_wconf 87' lang='lat' dir='ltr'>Illud</span> <span class='ocrx_word' id='word_1_155' title='bbox 1140 2248 1268 2318; x_wconf 86' lang='lat' dir='ltr'>significat</span> <span class='ocrx_word' id='word_1_156' title='bbox 1286 2249 1455 2302; x_wconf 79' lang='lat' dir='ltr'>adosumnis</span> <span class='ocrx_word' id='word_1_157' title='bbox 1475 2252 1553 2305; x_wconf 83' lang='lat' dir='ltr'>fuisso</span> 
     </span>
     <span class='ocr_line' id='line_1_18' title="bbox 393 2335 1552 2406; baseline 0.003 -18"><span class='ocrx_word' id='word_1_158' title='bbox 393 2339 489 2405; x_wconf 88' lang='lat' dir='ltr'>aperta,</span> <span class='ocrx_word' id='word_1_159' title='bbox 508 2339 537 2388; x_wconf 93' lang='lat' dir='ltr'>ut</span> <span class='ocrx_word' id='word_1_160' title='bbox 555 2351 585 2387; x_wconf 87' lang='lat' dir='ltr'>ea</span> <span class='ocrx_word' id='word_1_161' title='bbox 597 2335 677 2388; x_wconf 90' lang='lat' dir='ltr'>oculis</span> <span class='ocrx_word' id='word_1_162' title='bbox 689 2335 754 2402; x_wconf 89' lang='lat' dir='ltr'>ipsis</span> <span class='ocrx_word' id='word_1_163' title='bbox 765 2335 987 2399; x_wconf 79' lang='lat' dir='ltr'>animadverteret,</span> <span class='ocrx_word' id='word_1_164' title='bbox 1006 2335 1091 2389; x_wconf 88' lang='lat' dir='ltr'>auimo</span> <span class='ocrx_word' id='word_1_165' title='bbox 1105 2353 1134 2389; x_wconf 90' lang='lat' dir='ltr'>ac</span> <span class='ocrx_word' id='word_1_166' title='bbox 1152 2337 1308 2405; x_wconf 82' lang='lat' dir='ltr'>cogitatione</span> <span class='ocrx_word' id='word_1_167' title='bbox 1327 2351 1378 2389; x_wconf 88' lang='lat' dir='ltr'>nen</span> <span class='ocrx_word' id='word_1_168' title='bbox 1397 2353 1464 2406; x_wconf 87' lang='lat' dir='ltr'>opus</span> <span class='ocrx_word' id='word_1_169' title='bbox 1477 2344 1552 2393; x_wconf 80' lang='lat' dir='ltr'>esset.</span> 
     </span>
     <span class='ocr_line' id='line_1_19' title="bbox 393 2419 1552 2489; baseline 0.003 -17"><span class='ocrx_word' id='word_1_170' title='bbox 393 2451 426 2459; x_wconf 89' lang='lat'><em>-</em></span> <span class='ocrx_word' id='word_1_171' title='bbox 445 2422 474 2472; x_wconf 81' lang='lat' dir='ltr'>in</span> <span class='ocrx_word' id='word_1_172' title='bbox 492 2438 544 2488; x_wconf 82' lang='lat' dir='ltr'>qua</span> <span class='ocrx_word' id='word_1_173' title='bbox 562 2435 614 2472; x_wconf 92' lang='lat' dir='ltr'>non</span> <span class='ocrx_word' id='word_1_174' title='bbox 632 2419 749 2472; x_wconf 84' lang='lat' dir='ltr'>dubitari</span> <span class='ocrx_word' id='word_1_175' title='bbox 767 2420 877 2471; x_wconf 89' lang='lat' dir='ltr'>scribere</span> <span class='ocrx_word' id='word_1_176' title='bbox 895 2435 943 2486; x_wconf 90' lang='lat' dir='ltr'>pro</span> <span class='ocrx_word' id='word_1_177' title='bbox 962 2420 1081 2485; x_wconf 79' lang='lat' dir='ltr'>ablativo,</span> <span class='ocrx_word' id='word_1_178' title='bbox 1100 2422 1143 2489; x_wconf 92' lang='lat' dir='ltr'>qui</span> <span class='ocrx_word' id='word_1_179' title='bbox 1161 2421 1243 2473; x_wconf 87' lang='lat' dir='ltr'>adhuc</span> <span class='ocrx_word' id='word_1_180' title='bbox 1261 2421 1392 2485; x_wconf 88' lang='lat' dir='ltr'>edebatur,</span> <span class='ocrx_word' id='word_1_181' title='bbox 1411 2423 1552 2489; x_wconf 85' lang='lat' dir='ltr'>quiaillud</span> 
     </span>
     <span class='ocr_line' id='line_1_20' title="bbox 391 2506 1550 2577; baseline 0 -15"><span class='ocrx_word' id='word_1_182' title='bbox 391 2510 474 2577; x_wconf 89' lang='lat' dir='ltr'>magis</span> <span class='ocrx_word' id='word_1_183' title='bbox 493 2507 621 2575; x_wconf 84' lang='lat' dir='ltr'>scriptori,</span> <span class='ocrx_word' id='word_1_184' title='bbox 640 2507 688 2558; x_wconf 91' lang='lat' dir='ltr'>hoc</span> <span class='ocrx_word' id='word_1_185' title='bbox 705 2506 759 2557; x_wconf 89' lang='lat' dir='ltr'>fere</span> <span class='ocrx_word' id='word_1_186' title='bbox 779 2509 869 2573; x_wconf 90' lang='lat' dir='ltr'>poetae</span> <span class='ocrx_word' id='word_1_187' title='bbox 887 2507 1012 2559; x_wconf 79' lang='lat' dir='ltr'>convenit.</span> <span class='ocrx_word' id='word_1_188' title='bbox 1057 2507 1123 2559; x_wconf 89' lang='lat' dir='ltr'>Nam</span> <span class='ocrx_word' id='word_1_189' title='bbox 1141 2509 1167 2560; x_wconf 89' lang='lat' dir='ltr'>iu</span> <span class='ocrx_word' id='word_1_190' title='bbox 1185 2523 1249 2576; x_wconf 85' lang='lat' dir='ltr'>pace</span> <span class='ocrx_word' id='word_1_191' title='bbox 1273 2508 1362 2560; x_wconf 88' lang='lat' dir='ltr'>laetari</span> <span class='ocrx_word' id='word_1_192' title='bbox 1385 2511 1458 2561; x_wconf 88' lang='lat' dir='ltr'>tecta</span> <span class='ocrx_word' id='word_1_193' title='bbox 1475 2513 1550 2576; x_wconf 83' lang='lat' dir='ltr'>atque</span> 
     </span>
     <span class='ocr_line' id='line_1_21' title="bbox 392 2593 1550 2664; baseline 0.003 -18"><span class='ocrx_word' id='word_1_194' title='bbox 392 2609 468 2664; x_wconf 84' lang='lat' dir='ltr'>agros</span> <span class='ocrx_word' id='word_1_195' title='bbox 486 2594 605 2647; x_wconf 83' lang='lat' dir='ltr'>facillime</span> <span class='ocrx_word' id='word_1_196' title='bbox 623 2593 693 2646; x_wconf 90' lang='lat' dir='ltr'>dicat</span> <span class='ocrx_word' id='word_1_197' title='bbox 711 2593 813 2658; x_wconf 83' lang='lat' dir='ltr'>Cicero,</span> <span class='ocrx_word' id='word_1_198' title='bbox 831 2593 899 2662; x_wconf 89' lang='lat' dir='ltr'>quod</span> <span class='ocrx_word' id='word_1_199' title='bbox 922 2594 1005 2646; x_wconf 83' lang='lat' dir='ltr'>laetae</span> <span class='ocrx_word' id='word_1_200' title='bbox 1029 2602 1137 2663; x_wconf 77' lang='lat' dir='ltr'>sepcies,</span> <span class='ocrx_word' id='word_1_201' title='bbox 1157 2595 1220 2648; x_wconf 86' lang='lat' dir='ltr'>luetl</span> <span class='ocrx_word' id='word_1_202' title='bbox 1230 2595 1335 2662; x_wconf 81' lang='lat' dir='ltr'>fructus</span> <span class='ocrx_word' id='word_1_203' title='bbox 1357 2595 1504 2663; x_wconf 79' lang='lat' dir='ltr'>similiaque</span> <span class='ocrx_word' id='word_1_204' title='bbox 1526 2597 1550 2649; x_wconf 93' lang='lat' dir='ltr'>in</span> 
     </span>
     <span class='ocr_line' id='line_1_22' title="bbox 391 2679 1549 2750; baseline 0.002 -18"><span class='ocrx_word' id='word_1_205' title='bbox 391 2681 492 2750; x_wconf 83' lang='lat' dir='ltr'>uulgari</span> <span class='ocrx_word' id='word_1_206' title='bbox 510 2697 558 2734; x_wconf 90' lang='lat' dir='ltr'>usu</span> <span class='ocrx_word' id='word_1_207' title='bbox 576 2683 647 2745; x_wconf 89' lang='lat' dir='ltr'>sunt,</span> <span class='ocrx_word' id='word_1_208' title='bbox 671 2683 697 2732; x_wconf 89' lang='lat' dir='ltr'>at</span> <span class='ocrx_word' id='word_1_209' title='bbox 720 2681 861 2733; x_wconf 80' lang='lat' dir='ltr'>ablativum</span> <span class='ocrx_word' id='word_1_210' title='bbox 885 2679 992 2744; x_wconf 88' lang='lat' dir='ltr'>addere,</span> <span class='ocrx_word' id='word_1_211' title='bbox 1010 2681 1060 2734; x_wconf 92' lang='lat' dir='ltr'>uisi</span> <span class='ocrx_word' id='word_1_212' title='bbox 1079 2682 1123 2748; x_wconf 92' lang='lat' dir='ltr'>qui</span> <span class='ocrx_word' id='word_1_213' title='bbox 1141 2681 1172 2734; x_wconf 88' lang='lat' dir='ltr'>iis</span> <span class='ocrx_word' id='word_1_214' title='bbox 1198 2684 1332 2748; x_wconf 87' lang='lat' dir='ltr'>puetarum</span> <span class='ocrx_word' id='word_1_215' title='bbox 1356 2697 1427 2733; x_wconf 87' lang='lat' dir='ltr'>more</span> <span class='ocrx_word' id='word_1_216' title='bbox 1445 2697 1549 2736; x_wconf 87' lang='lat' dir='ltr'>sensum</span> 
     </span>
     <span class='ocr_line' id='line_1_23' title="bbox 390 2766 1551 2837; baseline 0.004 -18"><span class='ocrx_word' id='word_1_217' title='bbox 390 2768 488 2832; x_wconf 87' lang='lat' dir='ltr'>tribuit,</span> <span class='ocrx_word' id='word_1_218' title='bbox 506 2783 556 2820; x_wconf 89' lang='lat' dir='ltr'>nou</span> <span class='ocrx_word' id='word_1_219' title='bbox 574 2771 668 2837; x_wconf 89' lang='lat' dir='ltr'>potest.</span> <span class='ocrx_word' id='word_1_220' title='bbox 693 2795 725 2806; x_wconf 90' lang='lat'><em>-</em></span> <span class='ocrx_word' id='word_1_221' title='bbox 748 2775 774 2819; x_wconf 85' lang='lat' dir='ltr'>et</span> <span class='ocrx_word' id='word_1_222' title='bbox 794 2784 847 2820; x_wconf 85' lang='lat' dir='ltr'>eos.</span> <span class='ocrx_word' id='word_1_223' title='bbox 884 2766 970 2834; x_wconf 85' lang='lat' dir='ltr'>Turpe</span> <span class='ocrx_word' id='word_1_224' title='bbox 988 2768 1133 2836; x_wconf 84' lang='lat' dir='ltr'>expulimus</span> <span class='ocrx_word' id='word_1_225' title='bbox 1160 2769 1322 2823; x_wconf 89' lang='lat' dir='ltr'>librariorum</span> <span class='ocrx_word' id='word_1_226' title='bbox 1349 2769 1551 2827; x_wconf 87' lang='lat' dir='ltr'>additamentum</span> 
     </span>
     <span class='ocr_line' id='line_1_24' title="bbox 391 2851 1553 2922; baseline 0.003 -18"><span class='ocrx_word' id='word_1_227' title='bbox 391 2853 543 2906; x_wconf 87' lang='lat' dir='ltr'>auctoritate</span> <span class='ocrx_word' id='word_1_228' title='bbox 561 2853 617 2907; x_wconf 90' lang='lat' dir='ltr'>eod.</span> <span class='ocrx_word' id='word_1_229' title='bbox 636 2852 698 2922; x_wconf 87' lang='lat' dir='ltr'>Lag.</span> <span class='ocrx_word' id='word_1_230' title='bbox 716 2853 741 2905; x_wconf 82' lang='lat' dir='ltr'>a</span> <span class='ocrx_word' id='word_1_231' title='bbox 776 2851 906 2905; x_wconf 85' lang='lat' dir='ltr'>Edebatur</span> <span class='ocrx_word' id='word_1_232' title='bbox 924 2853 990 2904; x_wconf 84' lang='lat' dir='ltr'>euim</span> <span class='ocrx_word' id='word_1_233' title='bbox 1009 2853 1092 2906; x_wconf 89' lang='lat' dir='ltr'>adhuc</span> <span class='ocrx_word' id='word_1_234' title='bbox 1111 2862 1142 2906; x_wconf 82' lang='lat' dir='ltr'>ut</span> <span class='ocrx_word' id='word_1_235' title='bbox 1157 2861 1182 2906; x_wconf 85' lang='lat' dir='ltr'>el</span> <span class='ocrx_word' id='word_1_236' title='bbox 1199 2871 1247 2906; x_wconf 84' lang='lat' dir='ltr'>oce</span> <span class='ocrx_word' id='word_1_237' title='bbox 1263 2855 1409 2907; x_wconf 83' lang='lat' dir='ltr'>eturuiores</span> <span class='ocrx_word' id='word_1_238' title='bbox 1427 2859 1513 2910; x_wconf 82' lang='lat' dir='ltr'>vestrl</span> <span class='ocrx_word' id='word_1_239' title='bbox 1529 2863 1553 2910; x_wconf 83' lang='lat' dir='ltr'>et</span> 
     </span>
     <span class='ocr_line' id='line_1_25' title="bbox 385 2937 1552 3008; baseline 0.004 -18"><span class='ocrx_word' id='word_1_240' title='bbox 385 2937 549 3006; x_wconf 82' lang='lat' dir='ltr'>fortissimus</span> <span class='ocrx_word' id='word_1_241' title='bbox 567 2938 673 3005; x_wconf 76' lang='lat' dir='ltr'>queisque</span> <span class='ocrx_word' id='word_1_242' title='bbox 691 2937 733 2988; x_wconf 76' lang='lat' dir='ltr'>vr‘r</span> <span class='ocrx_word' id='word_1_243' title='bbox 760 2965 794 2975; x_wconf 88' lang='lat'><strong>—</strong></span> <span class='ocrx_word' id='word_1_244' title='bbox 816 2944 904 3006; x_wconf 82' lang='lat' dir='ltr'>putet,</span> <span class='ocrx_word' id='word_1_245' title='bbox 922 2938 995 3006; x_wconf 89' lang='lat' dir='ltr'>quasi</span> <span class='ocrx_word' id='word_1_246' title='bbox 1013 2938 1082 3005; x_wconf 91' lang='lat' dir='ltr'>quod</span> <span class='ocrx_word' id='word_1_247' title='bbox 1100 2954 1156 2991; x_wconf 89' lang='lat' dir='ltr'>esse</span> <span class='ocrx_word' id='word_1_248' title='bbox 1175 2941 1276 3006; x_wconf 89' lang='lat' dir='ltr'>oportet</span> <span class='ocrx_word' id='word_1_249' title='bbox 1299 2946 1324 2990; x_wconf 83' lang='lat' dir='ltr'>ct</span> <span class='ocrx_word' id='word_1_250' title='bbox 1345 2956 1389 2992; x_wconf 87' lang='lat' dir='ltr'>uos</span> <span class='ocrx_word' id='word_1_251' title='bbox 1409 2943 1512 3008; x_wconf 79' lang='lat' dir='ltr'>putetis</span> <span class='ocrx_word' id='word_1_252' title='bbox 1528 2949 1552 2995; x_wconf 85' lang='lat' dir='ltr'>el</span> 
     </span>
     <span class='ocr_line' id='line_1_26' title="bbox 391 3023 1551 3093; baseline 0.005 -18"><span class='ocrx_word' id='word_1_253' title='bbox 391 3025 502 3077; x_wconf 70' lang='lat' dir='ltr'>seculares</span> <span class='ocrx_word' id='word_1_254' title='bbox 521 3023 601 3077; x_wconf 81' lang='lat' dir='ltr'>uestri</span> <span class='ocrx_word' id='word_1_255' title='bbox 613 3024 737 3092; x_wconf 79' lang='lat' dir='ltr'>putarint</span> <span class='ocrx_word' id='word_1_256' title='bbox 759 3023 1058 3091; x_wconf 83' lang='lat' dir='ltr'>diversis-temporibuS,</span> <span class='ocrx_word' id='word_1_257' title='bbox 1081 3026 1202 3077; x_wconf 91' lang='lat' dir='ltr'>inunum</span> <span class='ocrx_word' id='word_1_258' title='bbox 1226 3028 1326 3093; x_wconf 88' lang='lat' dir='ltr'>tempus</span> <span class='ocrx_word' id='word_1_259' title='bbox 1348 3040 1473 3092; x_wconf 86' lang='lat' dir='ltr'>praesens</span> <span class='ocrx_word' id='word_1_260' title='bbox 1495 3043 1551 3081; x_wconf 87' lang='lat' dir='ltr'>cou-</span> 
     </span>
     <span class='ocr_line' id='line_1_27' title="bbox 389 3110 1551 3178; baseline 0.003 -16"><span class='ocrx_word' id='word_1_261' title='bbox 389 3110 457 3162; x_wconf 86' lang='lat' dir='ltr'>trahi</span> <span class='ocrx_word' id='word_1_262' title='bbox 475 3111 572 3162; x_wconf 86' lang='lat' dir='ltr'>liceret.</span> <span class='ocrx_word' id='word_1_263' title='bbox 600 3110 639 3163; x_wconf 83' lang='lat' dir='ltr'>Ac</span> <span class='ocrx_word' id='word_1_264' title='bbox 657 3111 768 3163; x_wconf 73' lang='lat' dir='ltr'>cerciores</span> <span class='ocrx_word' id='word_1_265' title='bbox 779 3117 877 3163; x_wconf 82' lang='lat' dir='ltr'>uestros</span> <span class='ocrx_word' id='word_1_266' title='bbox 896 3125 928 3161; x_wconf 84' lang='lat' dir='ltr'>ex</span> <span class='ocrx_word' id='word_1_267' title='bbox 940 3111 972 3162; x_wconf 93' lang='lat' dir='ltr'>iis</span> <span class='ocrx_word' id='word_1_268' title='bbox 990 3111 1034 3178; x_wconf 91' lang='lat' dir='ltr'>qui</span> <span class='ocrx_word' id='word_1_269' title='bbox 1046 3111 1123 3177; x_wconf 90' lang='lat' dir='ltr'>paulo</span> <span class='ocrx_word' id='word_1_270' title='bbox 1142 3115 1201 3176; x_wconf 90' lang='lat' dir='ltr'>post</span> <span class='ocrx_word' id='word_1_271' title='bbox 1219 3114 1279 3162; x_wconf 90' lang='lat' dir='ltr'>suut</span> <span class='ocrx_word' id='word_1_272' title='bbox 1296 3112 1437 3166; x_wconf 78' lang='lat' dir='ltr'>erzuiorr&#39;lus</span> <span class='ocrx_word' id='word_1_273' title='bbox 1456 3114 1551 3168; x_wconf 68' lang='lat' dir='ltr'>noeais</span> 
     </span>
     <span class='ocr_line' id='line_1_28' title="bbox 391 3195 1550 3266; baseline 0.003 -18"><span class='ocrx_word' id='word_1_274' title='bbox 391 3196 495 3249; x_wconf 82' lang='lat' dir='ltr'>effectos</span> <span class='ocrx_word' id='word_1_275' title='bbox 524 3213 580 3251; x_wconf 90' lang='lat' dir='ltr'>esse</span> <span class='ocrx_word' id='word_1_276' title='bbox 603 3197 726 3266; x_wconf 87' lang='lat' dir='ltr'>intelligo.</span> <span class='ocrx_word' id='word_1_277' title='bbox 753 3225 786 3234; x_wconf 92' lang='lat'>—</span> <span class='ocrx_word' id='word_1_278' title='bbox 812 3197 841 3248; x_wconf 82' lang='lat' dir='ltr'>in</span> <span class='ocrx_word' id='word_1_279' title='bbox 859 3196 967 3264; x_wconf 78' lang='lat' dir='ltr'>irrepeur&#39;o</span> <span class='ocrx_word' id='word_1_280' title='bbox 992 3213 1023 3247; x_wconf 85' lang='lat' dir='ltr'>ue</span> <span class='ocrx_word' id='word_1_281' title='bbox 1045 3195 1179 3264; x_wconf 76' lang='lat' dir='ltr'>dipesltcte.</span> <span class='ocrx_word' id='word_1_282' title='bbox 1219 3195 1319 3248; x_wconf 84' lang='lat' dir='ltr'>Etenim</span> <span class='ocrx_word' id='word_1_283' title='bbox 1348 3197 1397 3250; x_wconf 89' lang='lat' dir='ltr'>hoc</span> <span class='ocrx_word' id='word_1_284' title='bbox 1416 3198 1550 3254; x_wconf 82' lang='lat' dir='ltr'>Cicereia</span> 
     </span>
     <span class='ocr_line' id='line_1_29' title="bbox 392 3282 1551 3353; baseline 0.003 -19"><span class='ocrx_word' id='word_1_285' title='bbox 392 3282 523 3351; x_wconf 88' lang='lat' dir='ltr'>republica</span> <span class='ocrx_word' id='word_1_286' title='bbox 541 3285 651 3337; x_wconf 77' lang='lat' dir='ltr'>maxime</span> <span class='ocrx_word' id='word_1_287' title='bbox 669 3284 825 3353; x_wconf 88' lang='lat' dir='ltr'>sequendum</span> <span class='ocrx_word' id='word_1_288' title='bbox 838 3298 895 3336; x_wconf 88' lang='lat' dir='ltr'>esse</span> <span class='ocrx_word' id='word_1_289' title='bbox 914 3282 1016 3334; x_wconf 88' lang='lat' dir='ltr'>dicebat</span> <span class='ocrx_word' id='word_1_290' title='bbox 1035 3283 1113 3334; x_wconf 83' lang='lat' dir='ltr'>olium</span> <span class='ocrx_word' id='word_1_291' title='bbox 1126 3299 1183 3334; x_wconf 83' lang='lat' dir='ltr'>eum</span> <span class='ocrx_word' id='word_1_292' title='bbox 1194 3282 1329 3351; x_wconf 68' lang='lat' dir='ltr'>‹lr&#39;prtitute</span> <span class='ocrx_word' id='word_1_293' title='bbox 1339 3283 1408 3336; x_wconf 81' lang='lat' dir='ltr'>velut</span> <span class='ocrx_word' id='word_1_294' title='bbox 1420 3285 1453 3338; x_wconf 89' lang='lat' dir='ltr'>de</span> <span class='ocrx_word' id='word_1_295' title='bbox 1467 3287 1551 3343; x_wconf 79' lang='lat' dir='ltr'>orati</span> 
     </span>
     <span class='ocr_line' id='line_1_30' title="bbox 391 3368 1552 3438; baseline 0.003 -18"><span class='ocrx_word' id='word_1_296' title='bbox 391 3370 460 3422; x_wconf 81' lang='lat' dir='ltr'>init:</span> <span class='ocrx_word' id='word_1_297' title='bbox 479 3368 548 3422; x_wconf 82' lang='lat' dir='ltr'>beati</span> <span class='ocrx_word' id='word_1_298' title='bbox 559 3370 645 3438; x_wconf 79' lang='lat' dir='ltr'>fuisse</span> <span class='ocrx_word' id='word_1_299' title='bbox 662 3400 696 3408; x_wconf 90' lang='lat'><em>—</em></span> <span class='ocrx_word' id='word_1_300' title='bbox 713 3370 756 3422; x_wconf 80' lang='lat' dir='ltr'>llll</span> <span class='ocrx_word' id='word_1_301' title='bbox 771 3370 858 3422; x_wconf 80' lang='lat' dir='ltr'>uideri</span> <span class='ocrx_word' id='word_1_302' title='bbox 874 3370 963 3431; x_wconf 80' lang='lat' dir='ltr'>soleat,</span> <span class='ocrx_word' id='word_1_303' title='bbox 982 3369 1028 3436; x_wconf 81' lang='lat' dir='ltr'>qul</span> <span class='ocrx_word' id='word_1_304' title='bbox 1039 3397 1073 3406; x_wconf 88' lang='lat'>—-</span> <span class='ocrx_word' id='word_1_305' title='bbox 1088 3370 1222 3422; x_wconf 72' lang='lat' dir='ltr'>serretellae</span> <span class='ocrx_word' id='word_1_306' title='bbox 1240 3387 1342 3423; x_wconf 76' lang='lat' dir='ltr'>mersum</span> <span class='ocrx_word' id='word_1_307' title='bbox 1362 3378 1508 3438; x_wconf 68' lang='lat' dir='ltr'>macerarent,</span> <span class='ocrx_word' id='word_1_308' title='bbox 1524 3380 1552 3426; x_wconf 81' lang='lat' dir='ltr'>ul</span> 
     </span>
     <span class='ocr_line' id='line_1_31' title="bbox 391 3455 1550 3526; baseline 0.003 -20"><span class='ocrx_word' id='word_1_309' title='bbox 391 3456 433 3507; x_wconf 81' lang='lat' dir='ltr'>uel</span> <span class='ocrx_word' id='word_1_310' title='bbox 449 3456 476 3507; x_wconf 76' lang='lat' dir='ltr'>iu</span> <span class='ocrx_word' id='word_1_311' title='bbox 494 3457 596 3524; x_wconf 74' lang='lat' dir='ltr'>rrepollo</span> <span class='ocrx_word' id='word_1_312' title='bbox 614 3458 669 3509; x_wconf 81' lang='lat' dir='ltr'>siue</span> <span class='ocrx_word' id='word_1_313' title='bbox 685 3456 802 3525; x_wconf 84' lang='lat' dir='ltr'>periculo</span> <span class='ocrx_word' id='word_1_314' title='bbox 819 3456 862 3508; x_wconf 86' lang='lat' dir='ltr'>vel</span> <span class='ocrx_word' id='word_1_315' title='bbox 877 3455 906 3507; x_wconf 80' lang='lat' dir='ltr'>iu</span> <span class='ocrx_word' id='word_1_316' title='bbox 927 3455 978 3506; x_wconf 79' lang='lat' dir='ltr'>otio</span> <span class='ocrx_word' id='word_1_317' title='bbox 1002 3472 1059 3507; x_wconf 78' lang='lat' dir='ltr'>curra</span> <span class='ocrx_word' id='word_1_318' title='bbox 1077 3455 1204 3524; x_wconf 69' lang='lat' dir='ltr'>dignitate</span> <span class='ocrx_word' id='word_1_319' title='bbox 1229 3472 1282 3509; x_wconf 86' lang='lat' dir='ltr'>esse</span> <span class='ocrx_word' id='word_1_320' title='bbox 1295 3465 1413 3525; x_wconf 58' lang='lat' dir='ltr'>possent·</span> <span class='ocrx_word' id='word_1_321' title='bbox 1436 3474 1463 3526; x_wconf 91' lang='lat' dir='ltr'>p.</span> <span class='ocrx_word' id='word_1_322' title='bbox 1485 3458 1550 3512; x_wconf 81' lang='lat' dir='ltr'>Sast.</span> 
     </span>
     <span class='ocr_line' id='line_1_32' title="bbox 389 3541 1551 3612; baseline 0.002 -17"><span class='ocrx_word' id='word_1_323' title='bbox 389 3542 432 3605; x_wconf 82' lang='lat'>45,</span> <span class='ocrx_word' id='word_1_324' title='bbox 450 3543 483 3597; x_wconf 88' lang='grc'>98</span> <span class='ocrx_word' id='word_1_325' title='bbox 503 3543 572 3610; x_wconf 81' lang='lat' dir='ltr'>quod</span> <span class='ocrx_word' id='word_1_326' title='bbox 587 3550 627 3597; x_wconf 82' lang='lat' dir='ltr'>cst</span> <span class='ocrx_word' id='word_1_327' title='bbox 638 3543 893 3612; x_wconf 80' lang='lat' dir='ltr'>praestantissimum</span> <span class='ocrx_word' id='word_1_328' title='bbox 910 3543 1069 3610; x_wconf 79' lang='lat' dir='ltr'>urrum&#39;meque</span> <span class='ocrx_word' id='word_1_329' title='bbox 1088 3541 1200 3612; x_wconf 79' lang='lat' dir='ltr'>optabile</span> <span class='ocrx_word' id='word_1_330' title='bbox 1218 3543 1333 3596; x_wconf 77' lang='lat' dir='ltr'>cucullus</span> <span class='ocrx_word' id='word_1_331' title='bbox 1350 3544 1423 3596; x_wconf 81' lang='lat' dir='ltr'>serris</span> <span class='ocrx_word' id='word_1_332' title='bbox 1441 3544 1551 3597; x_wconf 80' lang='lat' dir='ltr'>elbonis</span> 
     </span>
     <span class='ocr_line' id='line_1_33' title="bbox 390 3616 1551 3697; baseline 0.003 -17"><span class='ocrx_word' id='word_1_333' title='bbox 390 3616 420 3681; x_wconf 37' lang='lat' dir='ltr'>et*</span> <span class='ocrx_word' id='word_1_334' title='bbox 433 3624 522 3692; x_wconf 81' lang='lat' dir='ltr'>beatis,</span> <span class='ocrx_word' id='word_1_335' title='bbox 540 3646 597 3683; x_wconf 85' lang='lat' dir='ltr'>cum</span> <span class='ocrx_word' id='word_1_336' title='bbox 615 3629 742 3697; x_wconf 79' lang='lat' dir='ltr'>dipuilule</span> <span class='ocrx_word' id='word_1_337' title='bbox 760 3628 852 3691; x_wconf 66' lang='lat' dir='ltr'>cliuum</span> <span class='ocrx_word' id='word_1_338' title='bbox 870 3629 945 3697; x_wconf 88' lang='lat' dir='ltr'>epist.</span> <span class='ocrx_word' id='word_1_339' title='bbox 963 3629 983 3694; x_wconf 87' lang='grc' dir='ltr'>Ι,</span> <span class='ocrx_word' id='word_1_340' title='bbox 997 3630 1021 3694; x_wconf 87' lang='grc'>9,</span> <span class='ocrx_word' id='word_1_341' title='bbox 1040 3630 1070 3682; x_wconf 79' lang='lat'>21</span> <span class='ocrx_word' id='word_1_342' title='bbox 1092 3629 1206 3683; x_wconf 82' lang='lat' dir='ltr'>orrraibus</span> <span class='ocrx_word' id='word_1_343' title='bbox 1219 3629 1290 3682; x_wconf 80' lang='lat' dir='ltr'>uobis</span> <span class='ocrx_word' id='word_1_344' title='bbox 1302 3629 1551 3683; x_wconf 76' lang='lat' dir='ltr'>luodruiuistruudu</span> 
     </span>
     <span class='ocr_line' id='line_1_34' title="bbox 391 3713 1551 3785; baseline 0.003 -20"><span class='ocrx_word' id='word_1_345' title='bbox 391 3714 524 3783; x_wconf 82' lang='lat' dir='ltr'>republica</span> <span class='ocrx_word' id='word_1_346' title='bbox 537 3715 699 3785; x_wconf 79' lang='lat' dir='ltr'>propositum</span> <span class='ocrx_word' id='word_1_347' title='bbox 719 3729 772 3766; x_wconf 88' lang='lat' dir='ltr'>esse</span> <span class='ocrx_word' id='word_1_348' title='bbox 795 3713 868 3769; x_wconf 84' lang='lat' dir='ltr'>debet</span> <span class='ocrx_word' id='word_1_349' title='bbox 889 3715 931 3777; x_wconf 77' lang='lat' dir='ltr'>ld,</span> <span class='ocrx_word' id='word_1_350' title='bbox 949 3715 1018 3781; x_wconf 80' lang='lat' dir='ltr'>quael</span> <span class='ocrx_word' id='word_1_351' title='bbox 1034 3734 1050 3767; x_wconf 87' lang='grc' dir='ltr'><em>α</em></span> <span class='ocrx_word' id='word_1_352' title='bbox 1072 3733 1111 3768; x_wconf 82' lang='lat' dir='ltr'>cue</span> <span class='ocrx_word' id='word_1_353' title='bbox 1133 3716 1283 3785; x_wconf 79' lang='lat' dir='ltr'>saepissime</span> <span class='ocrx_word' id='word_1_354' title='bbox 1306 3716 1401 3768; x_wconf 77' lang='lat' dir='ltr'>(lictum</span> <span class='ocrx_word' id='word_1_355' title='bbox 1419 3721 1472 3778; x_wconf 85' lang='lat' dir='ltr'>est,</span> <span class='ocrx_word' id='word_1_356' title='bbox 1495 3733 1551 3769; x_wconf 83' lang='lat' dir='ltr'>eum</span> 
     </span>
     <span class='ocr_line' id='line_1_35' title="bbox 391 3799 1551 3872; baseline 0.003 -19"><span class='ocrx_word' id='word_1_357' title='bbox 391 3801 524 3869; x_wconf 74' lang='lat' dir='ltr'>dipuitule</span> <span class='ocrx_word' id='word_1_358' title='bbox 536 3802 623 3854; x_wconf 66' lang='lat' dir='ltr'>cauea.</span> <span class='ocrx_word' id='word_1_359' title='bbox 642 3829 676 3837; x_wconf 98' lang='lat'><em>-</em></span> <span class='ocrx_word' id='word_1_360' title='bbox 694 3799 764 3866; x_wconf 76' lang='lat' dir='ltr'>quia.</span> <span class='ocrx_word' id='word_1_361' title='bbox 800 3799 862 3854; x_wconf 80' lang='lat' dir='ltr'>(lod.</span> <span class='ocrx_word' id='word_1_362' title='bbox 882 3816 970 3854; x_wconf 88' lang='lat' dir='ltr'>omnes</span> <span class='ocrx_word' id='word_1_363' title='bbox 989 3803 1085 3856; x_wconf 87' lang='lat' dir='ltr'>habent</span> <span class='ocrx_word' id='word_1_364' title='bbox 1109 3804 1161 3872; x_wconf 85' lang='lat' dir='ltr'>qui,</span> <span class='ocrx_word' id='word_1_365' title='bbox 1180 3803 1225 3856; x_wconf 88' lang='lat' dir='ltr'>sed</span> <span class='ocrx_word' id='word_1_366' title='bbox 1248 3817 1298 3870; x_wconf 91' lang='lat' dir='ltr'>quo</span> <span class='ocrx_word' id='word_1_367' title='bbox 1320 3802 1455 3854; x_wconf 89' lang='lat' dir='ltr'>relativum</span> <span class='ocrx_word' id='word_1_368' title='bbox 1473 3803 1551 3871; x_wconf 83' lang='lat' dir='ltr'>perti-</span> 
     </span>
     <span class='ocr_line' id='line_1_36' title="bbox 391 3886 1551 3956; baseline 0 -17"><span class='ocrx_word' id='word_1_369' title='bbox 391 3903 451 3940; x_wconf 90' lang='lat' dir='ltr'>nere</span> <span class='ocrx_word' id='word_1_370' title='bbox 468 3889 552 3956; x_wconf 89' lang='lat' dir='ltr'>possit</span> <span class='ocrx_word' id='word_1_371' title='bbox 569 3886 669 3950; x_wconf 84' lang='lat' dir='ltr'>nescio,</span> <span class='ocrx_word' id='word_1_372' title='bbox 682 3887 837 3955; x_wconf 87' lang='lat' dir='ltr'>praesertim</span> <span class='ocrx_word' id='word_1_373' title='bbox 859 3903 916 3940; x_wconf 91' lang='lat' dir='ltr'>cum</span> <span class='ocrx_word' id='word_1_374' title='bbox 934 3889 1018 3956; x_wconf 88' lang='lat' dir='ltr'>prima</span> <span class='ocrx_word' id='word_1_375' title='bbox 1035 3904 1147 3956; x_wconf 87' lang='lat' dir='ltr'>persona</span> <span class='ocrx_word' id='word_1_376' title='bbox 1168 3889 1348 3951; x_wconf 67' lang='lat' dir='ltr'>coniunctum</span> <span class='ocrx_word' id='word_1_377' title='bbox 1371 3903 1429 3939; x_wconf 91' lang='lat' dir='ltr'>uam</span> <span class='ocrx_word' id='word_1_378' title='bbox 1451 3889 1502 3955; x_wconf 81' lang='lat' dir='ltr'>qul</span> <span class='ocrx_word' id='word_1_379' title='bbox 1517 3914 1551 3927; x_wconf 91' lang='lat'><em>-</em></span> 
     </span>
     <span class='ocr_line' id='line_1_37' title="bbox 391 3972 1551 4043; baseline 0.001 -17"><span class='ocrx_word' id='word_1_380' title='bbox 391 3974 486 4027; x_wconf 81' lang='lat' dir='ltr'>debetis</span> <span class='ocrx_word' id='word_1_381' title='bbox 504 3972 635 4026; x_wconf 81' lang='lat' dir='ltr'>ferendum</span> <span class='ocrx_word' id='word_1_382' title='bbox 653 3972 763 4026; x_wconf 82' lang='lat' dir='ltr'>fortasse</span> <span class='ocrx_word' id='word_1_383' title='bbox 780 3973 909 4026; x_wconf 82' lang='lat' dir='ltr'>rideretur</span> <span class='ocrx_word' id='word_1_384' title='bbox 927 3989 992 4027; x_wconf 89' lang='lat' dir='ltr'>esse.</span> <span class='ocrx_word' id='word_1_385' title='bbox 1033 3974 1116 4039; x_wconf 88' lang='lat' dir='ltr'>Quare</span> <span class='ocrx_word' id='word_1_386' title='bbox 1133 3975 1299 4043; x_wconf 85' lang='lat' dir='ltr'>probavimus</span> <span class='ocrx_word' id='word_1_387' title='bbox 1318 3973 1387 4042; x_wconf 90' lang='lat' dir='ltr'>quod</span> <span class='ocrx_word' id='word_1_388' title='bbox 1404 3973 1551 4041; x_wconf 81' lang='lat' dir='ltr'>Madvigius</span> 
     </span>
     <span class='ocr_line' id='line_1_38' title="bbox 392 4059 1552 4130; baseline 0.003 -19"><span class='ocrx_word' id='word_1_389' title='bbox 392 4061 460 4128; x_wconf 88' lang='lat' dir='ltr'>apud</span> <span class='ocrx_word' id='word_1_390' title='bbox 478 4059 582 4126; x_wconf 86' lang='lat' dir='ltr'>Ussing.</span> <span class='ocrx_word' id='word_1_391' title='bbox 600 4060 675 4122; x_wconf 86' lang='lat' dir='ltr'>(orat.</span> <span class='ocrx_word' id='word_1_392' title='bbox 692 4063 745 4112; x_wconf 89' lang='lat' dir='ltr'>tres</span> <span class='ocrx_word' id='word_1_393' title='bbox 769 4060 800 4112; x_wconf 90' lang='lat' dir='ltr'>de</span> <span class='ocrx_word' id='word_1_394' title='bbox 823 4061 871 4130; x_wconf 88' lang='lat' dir='ltr'>leg.</span> <span class='ocrx_word' id='word_1_395' title='bbox 896 4077 950 4130; x_wconf 86' lang='lat' dir='ltr'>agr.</span> <span class='ocrx_word' id='word_1_396' title='bbox 974 4062 1102 4114; x_wconf 87' lang='lat' dir='ltr'>recensuit</span> <span class='ocrx_word' id='word_1_397' title='bbox 1119 4061 1138 4114; x_wconf 92' lang='lat' dir='ltr'>l.</span> <span class='ocrx_word' id='word_1_398' title='bbox 1154 4061 1183 4114; x_wconf 86' lang='lat' dir='ltr'>L.</span> <span class='ocrx_word' id='word_1_399' title='bbox 1203 4060 1310 4130; x_wconf 85' lang='lat' dir='ltr'>Ussing,</span> <span class='ocrx_word' id='word_1_400' title='bbox 1334 4059 1449 4112; x_wconf 88' lang='lat' dir='ltr'>Hauniae</span> <span class='ocrx_word' id='word_1_401' title='bbox 1475 4059 1552 4124; x_wconf 78' lang='lat'>1850)</span> 
     </span>
     <span class='ocr_line' id='line_1_39' title="bbox 390 4133 1552 4216; baseline 0 -17"><span class='ocrx_word' id='word_1_402' title='bbox 390 4147 500 4199; x_wconf 88' lang='lat' dir='ltr'>coniecit</span> <span class='ocrx_word' id='word_1_403' title='bbox 517 4145 588 4214; x_wconf 81' lang='lat' dir='ltr'>quin.</span> <span class='ocrx_word' id='word_1_404' title='bbox 628 4144 681 4198; x_wconf 86' lang='lat' dir='ltr'>Sed</span> <span class='ocrx_word' id='word_1_405' title='bbox 702 4133 763 4198; x_wconf 85' lang='lat' dir='ltr'>item</span> <span class='ocrx_word' id='word_1_406' title='bbox 786 4147 950 4200; x_wconf 88' lang='lat' dir='ltr'>scribendum</span> <span class='ocrx_word' id='word_1_407' title='bbox 967 4151 1023 4200; x_wconf 88' lang='lat' dir='ltr'>erat</span> <span class='ocrx_word' id='word_1_408' title='bbox 1039 4148 1178 4216; x_wconf 58' lang='lat' dir='ltr'>pessimun</span> <span class='ocrx_word' id='word_1_409' title='bbox 1206 4165 1264 4200; x_wconf 91' lang='lat' dir='ltr'>nam</span> <span class='ocrx_word' id='word_1_410' title='bbox 1289 4162 1341 4200; x_wconf 92' lang='lat' dir='ltr'>non</span> <span class='ocrx_word' id='word_1_411' title='bbox 1363 4145 1492 4214; x_wconf 85' lang='lat' dir='ltr'>generalis</span> <span class='ocrx_word' id='word_1_412' title='bbox 1512 4150 1552 4199; x_wconf 88' lang='lat' dir='ltr'>est</span> 
     </span>
     <span class='ocr_line' id='line_1_40' title="bbox 390 4230 1555 4306; baseline 0.001 -21"><span class='ocrx_word' id='word_1_413' title='bbox 390 4230 526 4294; x_wconf 87' lang='lat' dir='ltr'>sententia,</span> <span class='ocrx_word' id='word_1_414' title='bbox 549 4230 595 4284; x_wconf 90' lang='lat' dir='ltr'>sed</span> <span class='ocrx_word' id='word_1_415' title='bbox 613 4231 661 4284; x_wconf 91' lang='lat' dir='ltr'>hoc</span> <span class='ocrx_word' id='word_1_416' title='bbox 679 4232 742 4295; x_wconf 80' lang='lat' dir='ltr'>uult,</span> <span class='ocrx_word' id='word_1_417' title='bbox 756 4237 785 4285; x_wconf 89' lang='lat' dir='ltr'>ut</span> <span class='ocrx_word' id='word_1_418' title='bbox 801 4248 869 4286; x_wconf 90' lang='lat' dir='ltr'>nuuc</span> <span class='ocrx_word' id='word_1_419' title='bbox 887 4233 921 4285; x_wconf 87' lang='lat' dir='ltr'>sit</span> <span class='ocrx_word' id='word_1_420' title='bbox 938 4234 1027 4298; x_wconf 89' lang='lat' dir='ltr'>otium,</span> <span class='ocrx_word' id='word_1_421' title='bbox 1045 4233 1162 4286; x_wconf 83' lang='lat' dir='ltr'>effectum</span> <span class='ocrx_word' id='word_1_422' title='bbox 1181 4250 1238 4287; x_wconf 83' lang='lat' dir='ltr'>esse</span> <span class='ocrx_word' id='word_1_423' title='bbox 1260 4235 1384 4286; x_wconf 86' lang='lat' dir='ltr'>maiorum</span> <span class='ocrx_word' id='word_1_424' title='bbox 1404 4232 1555 4306; x_wconf 80' lang='lat' dir='ltr'>laboribus:</span> 
     </span>
     <span class='ocr_line' id='line_1_41' title="bbox 390 4315 1551 4388; baseline 0.003 -19"><span class='ocrx_word' id='word_1_425' title='bbox 390 4315 498 4385; x_wconf 77' lang='lat' dir='ltr'>luipone</span> <span class='ocrx_word' id='word_1_426' title='bbox 517 4321 602 4369; x_wconf 87' lang='lat' dir='ltr'>autem</span> <span class='ocrx_word' id='word_1_427' title='bbox 620 4321 668 4381; x_wconf 87' lang='lat' dir='ltr'>est,</span> <span class='ocrx_word' id='word_1_428' title='bbox 681 4321 709 4370; x_wconf 89' lang='lat' dir='ltr'>ut</span> <span class='ocrx_word' id='word_1_429' title='bbox 726 4333 776 4370; x_wconf 89' lang='lat' dir='ltr'>non</span> <span class='ocrx_word' id='word_1_430' title='bbox 789 4319 948 4372; x_wconf 86' lang='lat' dir='ltr'>lacessantur</span> <span class='ocrx_word' id='word_1_431' title='bbox 961 4320 993 4372; x_wconf 87' lang='lat' dir='ltr'>ab</span> <span class='ocrx_word' id='word_1_432' title='bbox 1005 4320 1132 4387; x_wconf 89' lang='lat' dir='ltr'>hostibus,</span> <span class='ocrx_word' id='word_1_433' title='bbox 1145 4321 1262 4388; x_wconf 86' lang='lat' dir='ltr'>quamuis</span> <span class='ocrx_word' id='word_1_434' title='bbox 1279 4322 1325 4373; x_wconf 89' lang='lat' dir='ltr'>otii</span> <span class='ocrx_word' id='word_1_435' title='bbox 1338 4321 1390 4372; x_wconf 89' lang='lat' dir='ltr'>sint</span> <span class='ocrx_word' id='word_1_436' title='bbox 1408 4319 1505 4387; x_wconf 88' lang='lat' dir='ltr'>cupidi.</span> <span class='ocrx_word' id='word_1_437' title='bbox 1517 4348 1551 4357; x_wconf 93' lang='lat'>—</span> 
     </span>
     <span class='ocr_line' id='line_1_42' title="bbox 390 4400 1550 4476; baseline 0.003 -22"><span class='ocrx_word' id='word_1_438' title='bbox 390 4400 591 4470; x_wconf 79' lang='lat' dir='ltr'>libertatemque.</span> <span class='ocrx_word' id='word_1_439' title='bbox 620 4404 715 4458; x_wconf 83' lang='lat' dir='ltr'>Verum</span> <span class='ocrx_word' id='word_1_440' title='bbox 733 4420 790 4458; x_wconf 89' lang='lat' dir='ltr'>esse</span> <span class='ocrx_word' id='word_1_441' title='bbox 808 4406 928 4459; x_wconf 83' lang='lat' dir='ltr'>existimo</span> <span class='ocrx_word' id='word_1_442' title='bbox 946 4407 1096 4474; x_wconf 86' lang='lat' dir='ltr'>particulam</span> <span class='ocrx_word' id='word_1_443' title='bbox 1116 4424 1171 4474; x_wconf 87' lang='lat' dir='ltr'>que,</span> <span class='ocrx_word' id='word_1_444' title='bbox 1189 4424 1253 4476; x_wconf 89' lang='lat' dir='ltr'>quae</span> <span class='ocrx_word' id='word_1_445' title='bbox 1271 4409 1298 4460; x_wconf 87' lang='lat' dir='ltr'>in</span> <span class='ocrx_word' id='word_1_446' title='bbox 1315 4406 1396 4460; x_wconf 70' lang='lat' dir='ltr'>eous</span> <span class='ocrx_word' id='word_1_447' title='bbox 1415 4405 1550 4471; x_wconf 78' lang='lat' dir='ltr'>adiicitur3</span> 
     </span>
     <span class='ocr_line' id='line_1_43' title="bbox 390 4491 1550 4562; baseline 0.004 -22"><span class='ocrx_word' id='word_1_448' title='bbox 390 4504 448 4541; x_wconf 91' lang='lat' dir='ltr'>nam</span> <span class='ocrx_word' id='word_1_449' title='bbox 466 4504 518 4554; x_wconf 84' lang='lat' dir='ltr'>pax</span> <span class='ocrx_word' id='word_1_450' title='bbox 536 4493 641 4543; x_wconf 85' lang='lat' dir='ltr'>externa</span> <span class='ocrx_word' id='word_1_451' title='bbox 659 4507 716 4544; x_wconf 90' lang='lat' dir='ltr'>cum</span> <span class='ocrx_word' id='word_1_452' title='bbox 734 4492 852 4557; x_wconf 84' lang='lat' dir='ltr'>libertale</span> <span class='ocrx_word' id='word_1_453' title='bbox 870 4493 997 4546; x_wconf 76' lang='lat' dir='ltr'>cohaeret.</span> <span class='ocrx_word' id='word_1_454' title='bbox 1022 4493 1060 4547; x_wconf 81' lang='lat' dir='ltr'>(u.</span> <span class='ocrx_word' id='word_1_455' title='bbox 1071 4493 1136 4547; x_wconf 88' lang='lat' dir='ltr'>Phil.</span> <span class='ocrx_word' id='word_1_456' title='bbox 1148 4493 1194 4557; x_wconf 89' lang='lat' dir='ltr'>Vl,</span> <span class='ocrx_word' id='word_1_457' title='bbox 1213 4495 1237 4558; x_wconf 79' lang='lat'>7,</span> <span class='ocrx_word' id='word_1_458' title='bbox 1258 4493 1289 4545; x_wconf 87' lang='grc'>19</span> <span class='ocrx_word' id='word_1_459' title='bbox 1308 4492 1434 4562; x_wconf 84' lang='lat' dir='ltr'>Populum</span> <span class='ocrx_word' id='word_1_460' title='bbox 1453 4491 1550 4545; x_wconf 78' lang='lat' dir='ltr'>Roeuu·</span> 
     </span>
     <span class='ocr_line' id='line_1_44' title="bbox 388 4574 1551 4649; baseline 0.006 -25"><span class='ocrx_word' id='word_1_461' title='bbox 388 4589 447 4624; x_wconf 79' lang='lat' dir='ltr'>uueu</span> <span class='ocrx_word' id='word_1_462' title='bbox 467 4575 565 4628; x_wconf 73' lang='lat' dir='ltr'>semiue</span> <span class='ocrx_word' id='word_1_463' title='bbox 577 4574 625 4644; x_wconf 82' lang='lat' dir='ltr'>sus</span> <span class='ocrx_word' id='word_1_464' title='bbox 642 4594 692 4629; x_wconf 84' lang='lat' dir='ltr'>uon</span> <span class='ocrx_word' id='word_1_465' title='bbox 712 4584 756 4630; x_wconf 84' lang='lat' dir='ltr'>est.</span> <span class='ocrx_word' id='word_1_466' title='bbox 775 4605 808 4616; x_wconf 89' lang='lat'><em>-</em></span> <span class='ocrx_word' id='word_1_467' title='bbox 831 4577 910 4631; x_wconf 83' lang='lat' dir='ltr'>Aliae</span> <span class='ocrx_word' id='word_1_468' title='bbox 933 4578 1050 4631; x_wconf 77' lang='lat' dir='ltr'>erutiones</span> <span class='ocrx_word' id='word_1_469' title='bbox 1069 4579 1213 4632; x_wconf 69' lang='lat' dir='ltr'>semitutum</span> <span class='ocrx_word' id='word_1_470' title='bbox 1233 4577 1296 4646; x_wconf 83' lang='lat' dir='ltr'>puli</span> <span class='ocrx_word' id='word_1_471' title='bbox 1315 4585 1437 4646; x_wconf 79' lang='lat' dir='ltr'>possunt,</span> <span class='ocrx_word' id='word_1_472' title='bbox 1455 4577 1551 4649; x_wconf 83' lang='lat' dir='ltr'>populi</span> 
     </span>
     <span class='ocr_line' id='line_1_45' title="bbox 387 4658 812 4733; baseline 0.014 -20"><span class='ocrx_word' id='word_1_473' title='bbox 387 4658 502 4713; x_wconf 70' lang='lat' dir='ltr'>Rotnani</span> <span class='ocrx_word' id='word_1_474' title='bbox 518 4669 557 4714; x_wconf 85' lang='lat' dir='ltr'>est</span> <span class='ocrx_word' id='word_1_475' title='bbox 568 4662 683 4733; x_wconf 76' lang='lat' dir='ltr'>propriu</span> <span class='ocrx_word' id='word_1_476' title='bbox 701 4662 812 4718; x_wconf 80' lang='lat' dir='ltr'>libertus.</span> 
     </span>
    </p>
   </div>
   <div class='ocr_carea' id='block_1_5' title="bbox 0 0 1780 5492">
    <p class='ocr_par' dir='ltr' id='par_1_5' title="bbox 0 0 1780 5492">
     <span class='ocr_line' id='line_1_46' title="bbox 0 0 1780 5492; baseline 0 1"><span class='ocrx_word' id='word_1_477' title='bbox 0 0 1780 5492; x_wconf 95' lang='lat' dir='ltr'> </span> 
     </span>
    </p>
   </div>
  </div>
 </body>
</html>
