3550 5492
759 596 995 665 -133-

290 770 328 830 et
348 771 418 831 tarn
439 763 598 850 praeclara
617 761 804 848 reipublicae
826 759 992 846 disciplina
1012 760 1054 826 hl.
1069 759 1157 827 Bruti
1180 767 1235 827 aut
1256 763 1290 828 P.
1307 762 1392 829 Rulli
1414 763 1456 828 si·
1538 809 1540 812 <

288 867 407 933 milam
434 869 575 935 futurum
603 868 675 951 (hos
703 867 787 932 enirn
815 887 871 932 nos
899 864 976 931 duos
1003 864 1104 929 adhuc
1130 865 1266 933 vidimus
1295 866 1349 952 qui
1376 868 1457 933 hano

288 970 523 1057 rempublicam·
540 976 638 1036 totam
661 969 799 1055 Capuam
820 968 993 1034 transferre
1014 967 1153 1051 vellent),
1182 970 1315 1054 profecto
1342 991 1456 1036 nornen

288 1073 383 1139 illius
407 1072 494 1138 urbis
521 1094 584 1137 non
612 1071 822 1156 reliquissent.
865 1071 983 1135 Verum
1012 1069 1241 1135 arbitrabantur
1262 1071 1404 1138 Corinthi
1425 1079 1499 1139 et90

289 1174 496 1260 Carthagini,
518 1173 640 1241 etiamsi
662 1178 805 1239 senatum
827 1179 858 1237 et
884 1172 1085 1257 magistratus
1107 1171 1307 1239 sustulissent
1328 1195 1453 1259 agrurn·

374 1338 504 1409 'macoma
515 1358 593 1406 populi
605 1357 699 1396 Romani
712 1356 835 1405 disciplina.
848 1376 872 1384 -
887 1355 983 1405 Capsam
997 1355 1069 1394 comm.

290 1504 332 1560 Μ.
351 1504 442 1559 Brea.
477 1503 525 1557 ost
541 1503 680 1558 u.1unius
698 1502 803 1566 Brutus,
820 1504 925 1570 praetor
942 1518 1001 1556 ann.
1019 1502 1053 1557 88
1071 1519 1087 1556 a
1104 1502 1171 1566 Chr,
1189 1503 1217 1555 in
1234 1517 1284 1571 quo
1301 1501 1457 1571 magistratu

290 1608 354 1647 eum
378 1590 441 1645 aP.
459 1591 574 1661 Sulpicio
595 1592 656 1645 trib.
681 1590 766 1660 plebis
786 1590 879 1643 Nolam
906 1589 941 1643 ad
966 1591 1107 1643 exercitum
1129 1591 1158 1644 L.
1182 1590 1269 1643 Sullae
1295 1589 1457 1644 adimendum

293 1679 393 1733 missua
411 1681 480 1732 esset
498 1677 576 1742 (Plut
589 1677 653 1731 Sull
671 1693 694 1730 c.
705 1677 740 1742 9),
757 1677 803 1730 nbi
820 1677 883 1729 nihil
900 1676 986 1730 effecit
1003 1693 1033 1730 ac
1051 1677 1139 1730 Sullae
1156 1677 1240 1746 gratia
1256 1679 1392 1744 superatus
1408 1680 1457 1740 est,

292 1779 355 1818 aum
371 1763 491 1818 undecim
509 1764 568 1816 aliis
586 1763 674 1816 Sullae
691 1763 802 1816 inimicis
819 1763 979 1831 proscriptus
997 1766 1038 1816 est
1046 1764 1125 1830 (App.
1134 1762 1195 1816 bell.
1203 1763 1253 1816 civ.
1265 1763 1285 1826 1,
1294 1761 1347 1825 88).
1374 1762 1456 1826 eram

293 1849 513 1919 proscriptionem
530 1851 668 1917 postquam
685 1846 789 1915 adopt,
805 1846 883 1899 rediit
901 1847 974 1900 Sulla
991 1848 1018 1899 in
1036 1847 1125 1899 Asiam
1143 1846 1266 1900 adversus
1283 1847 1455 1900 Mithridatem

295 1935 413 2005 proiecto
441 1950 499 1987 cum
524 1935 646 1989 Marianis
673 1936 749 2002 atque
776 1933 844 1986 anno
860 1931 895 1985 83
913 1949 937 1986 a.
961 1932 1020 1986 Chr.
1048 1933 1208 1986 tribunatum
1234 1933 1316 2001 gessit
1338 1932 1405 1998 (Cic.
1428 1950 1455 2002 p.

295 2022 400 2088 Quinct
410 2020 512 2086 hostib).
538 2021 568 2073 ln
585 2036 616 2074 eo
633 2021 767 2074 tribunatu
783 2019 866 2089 legem
883 2019 983 2073 Iuniam
1001 2019 1033 2072 de
1050 2019 1152 2073 colonia
1173 2018 1288 2087 Capuam
1305 2018 1456 2072 deducenda

293 2108 354 2163 tulit
370 2109 440 2174 (nam
457 2107 547 2160 tulisse
569 2122 627 2158 eum
643 2107 727 2175 legem
744 2122 777 2158 ex
792 2107 843 2160 hoc
860 2107 918 2174 ipso
936 2106 1002 2169 loco,
1020 2121 1070 2174 quo
1083 2120 1141 2158 oum
1153 2105 1183 2158 P.
1192 2105 1269 2158 Rullo
1283 2109 1454 2174 comparatur,

295 2194 446 2263 colligemus
464 2194 597 2246 attulisse
615 2193 642 2245 in
659 2193 791 2246 tribunatu
809 2208 842 2244 ex
859 2207 889 2245 eo
908 2192 1038 2256 discimus,
1055 2192 1125 2261 quod
1142 2191 1170 2246 C.
1189 2190 1326 2246 Caesarem
1344 2192 1455 2259 primum

294 2283 355 2349 pest
371 2281 402 2346 Q.
421 2279 539 2334 Cassium
550 2280 577 2332 in
594 2279 729 2332 consulatu
747 2270 847 2347 delego
860 2280 962 2347 agraria
980 2279 1071 2332 tulisse
1089 2280 1209 2343 constat),
1229 2281 1284 2331 tum
1300 2279 1357 2346 ipse
1369 2278 1407 2331 111
1416 2278 1455 2331 rir

297 2364 459 2421 deducendae
477 2365 593 2419 coloniae
611 2368 711 2418 creatus
729 2364 844 2430 deduxit,
861 2368 890 2417 ut
903 2364 990 2418 Sullae
1001 2367 1056 2419 tum
1068 2366 1179 2418 maxime
1191 2363 1342 2418 adventanti
1352 2363 1455 2418 firmum

294 2439 466 2505 {arianorum
483 2450 640 2519 praesidium
658 2453 837 2518 opponeretur.
864 2449 980 2502 Eundem
998 2453 1083 2502 autern
1100 2449 1169 2501 inira
1187 2448 1246 2512 §92
1264 2448 1353 2503 Cinam
1366 2453 1455 2503 narrat

297 2536 472 2590 acerbissimas
488 2527 625 2605 impiorum
642 2550 738 2604 poenas
756 2535 903 2604 pertulisse,
920 2537 1041 2589 murnum
1058 2534 1221 2589 interfectum
1238 2535 1292 2589 aL.
1301 2536 1381 2601 Sulla,
1394 2552 1453 2589 curn

296 2621 409 2675 inimicos
418 2622 606 2689 proscriptione
620 2620 795 2685 ulcisceretur,
812 2621 946 2691 referoque
962 2621 1071 2689 adjenm,
1080 2621 1148 2690 quod
1160 2621 1249 2674 hirius
1259 2636 1299 2690 ep.
1308 2622 1453 2676 LXXXIX

298 2705 553 2775 s·spp.1,95rr.
576 2706 685 2759 Brutum
706 2706 824 2771 tradunt,
847 2723 906 2760 oum
929 2706 975 2760 Cn.
998 2706 1115 2760 Carbone
1138 2707 1292 2774 imperatore
1313 2710 1341 2761 iu
1364 2709 1454 2761 Sicilia

299 2794 390 2847 bellum
408 2794 517 2860 gereret,
534 2792 651 2861 Lilybaei
669 2792 744 2847 aCn.
761 2792 884 2862 Pompeio
902 2809 1055 2862 oppressum
1071 2793 1200 2846 interisse.
1226 2794 1340 2846 Fuerunt
1357 2796 1452 2857 autem,

298 2879 337 2946 qul
351 2879 422 2931 hune
430 2877 539 2931 Brutum
556 2880 656 2947 patrem
673 2878 728 2932 eius
745 2893 803 2931 esse
821 2879 1007 2944 existimarent,
1024 2879 1069 2947 qui
1086 2881 1179 2946 postea
1195 2881 1302 2947 propter
1319 2879 1452 2931 diemmris

297 2962 410 3019 Caesaris
427 2963 532 3017 caedem
549 2964 693 3018 celebratus
711 2969 764 3029 est,
787 2965 834 3018 sed
850 2980 942 3034 parum
958 2964 987 3017 id
1004 2968 1044 3017 est
1061 2964 1203 3032 probabile.
1237 2964 1303 3017 Vide
1322 2971 1452 3016 'commen-

296 3051 401 3105 tationes
424 3053 525 3103 nostras
548 3050 682 3120 epigraph.
698 3052 711 3103 I
728 3050 762 3120 p.‘
773 3051 831 3104 245.
868 3049 921 3103 Sed
937 3051 970 3103 ll.
988 3050 1097 3103 Brutum
1115 3053 1142 3103 et
1158 3049 1188 3103 P.
1206 3050 1318 3120 Rullum·
1334 3052 1451 3103 auctores

297 3134 438 3206 Campanae
455 3136 572 3189 coloniae
589 3150 648 3189 cum
665 3136 754 3191 Cicero
773 3139 961 3201 commemoret,
978 3137 1033 3190 iure
1050 3137 1173 3190 miramon
1190 3136 1293 3191 silentio
1311 3136 1450 3190 abeodem

295 3222 425 3289 praeteriri
441 3221 470 3276 L.
489 3220 597 3286 Sullam,
615 3222 659 3291 qui
675 3226 813 3292 postquam
831 3223 957 3276 coloniam
976 3239 991 3276 a
1007 3222 1088 3276 Bruto
1112 3223 1285 3293 llarianisque
1302 3223 1450 3277 incohatam

295 3306 399 3369 disiecit,
417 3308 474 3376 ipse
497 3309 525 3361 in
547 3324 610 3378 agro
628 3308 759 3377 Campano
782 3324 886 3362 suorum
909 3309 1040 3362 hominurn
1063 3309 1191 3364 coloniam
1214 3309 1361 3374 constituit,
1384 3324 1450 3378 quae

294 3392 392 3448 roasa
410 3394 595 3462 appellabatur.
621 3394 660 3447 Ea
677 3395 779 3449 colonia
796 3395 913 3448 constitit
929 3399 990 3463 post
1007 3395 1114 3461 Sullam,
1131 3397 1239 3466 ipsoque
1256 3399 1380 3465 tempore,
1398 3412 1450 3466 quo

294 3477 380 3533 Cicero
397 3479 465 3533 hane
482 3480 624 3533 orationem
641 3481 745 3547 habuit;
763 3484 855 3549 postea
872 3480 975 3534 demum
992 3482 1025 3535 ab
1038 3482 1165 3553 Augusto,
1182 3487 1213 3537 ut
1230 3482 1343 3548 ridetur,
1363 3484 1389 3535 in
1408 3499 1449 3536 co·

291 3565 384 3620 lonium
401 3580 521 3636 magnam
538 3566 611 3618 illam
628 3566 785 3636 Campanam
802 3568 928 3621 attributa
945 3574 986 3621 ast
1004 3569 1081 3632 (Plin.
1099 3573 1153 3626 nat.
1163 3568 1223 3622 hist.
1232 3567 1305 3631 XIV,
1315 3566 1367 3632 62).
1397 3566 1450 3619 Sed

291 3667 393 3707 ausam
410 3652 513 3706 tacendi
531 3652 597 3705 hanc
614 3652 693 3706 luisse
712 3654 837 3719 arbitror,
859 3654 929 3723 qnod
946 3653 1021 3707 Sulla
1038 3669 1111 3706 suam
1129 3653 1256 3707 coloniam
1278 3667 1330 3704 non
1346 3652 1373 3703 in
1390 3651 1450 3719 ipsa

291 3737 350 3791 urhe
368 3735 458 3805 Capua
476 3737 610 3790 constituit
625 3751 673 3791 uec
690 3739 774 3790 toturn
798 3738 822 3790 ei
840 3753 930 3805 agrum
949 3736 1107 3804 Campanum
1131 3736 1233 3798 divisit,
1256 3735 1303 3787 sed
1325 3736 1352 3787 iu
1375 3739 1449 3802 parte

290 3824 388 3877 enum
405 3837 485 3890 parra
502 3821 558 3890 agri
574 3824 705 3890 tamquam
721 3820 877 3889 praesidium
896 3820 1025 3890 quoddam
1042 3819 1173 3887 imposuit.
1215 3816 1300 3882 Quare
1318 3816 1407 3872 Cicero
1425 3821 1449 3873 si

290 3906 473 3978 prorsus'vere
495 3924 526 3961 ae
548 3908 603 3962 sina
621 3907 691 3960 Rulli
712 3907 811 3960 invidia
832 3922 938 3960 narrare
959 3905 1049 3969 uellet,
1071 3903 1169 3957 Sullam
1192 3918 1292 3973 quoque
1316 3904 1448 3958 nominem

291 3996 390 4051 debuit:
409 4010 476 4048 nune
493 4009 539 4048 cur
555 3996 661 4058 taceret,
679 3993 798 4047 habebat.
830 3992 885 4045 Nec
906 3995 992 4045 tamen
1015 3991 1071 4043 siue
1089 4004 1166 4043 causa
1182 3989 1209 4046 h.
1228 3989 1245 4042 l.
1264 3988 1329 4042 dnos
1346 3992 1447 4043 tanturn

290 4081 370 4137 luisse
388 4081 433 4145 ait,
450 4081 495 4150 qui
513 4087 592 4134 totcm
609 4079 794 4148 rempublicam
812 4077 927 4148 Capuam
944 4078 1084 4132 transferre
1101 4075 1210 4142 vellent3
1233 4092 1293 4129 narn
1310 4076 1384 4130 Sulla
1400 4093 1448 4132 nec

291 4172 372 4222 tom
389 4183 481 4239 agrurn
498 4169 638 4235 occuparat
660 4181 707 4219 nec
726 4167 757 4219 de
780 4166 957 4220 hanefemnda
978 4162 1112 4232 republica
1134 4163 1268 4232 cogitarat.
1308 4162 1338 4216 ln
1360 4163 1446 4217 verbis

290 4253 354 4322 ipsis
372 4253 414 4306 bis
431 4253 609 4306 Lauredanum
627 4253 709 4305 secuti
726 4254 758 4306 ab
776 4253 893 4307 codicum
910 4251 961 4304 fide
979 4251 1152 4316 discessimus,
1163 4251 1275 4320 primum
1286 4249 1354 4319 quod
1366 4250 1446 4304 Bruto

290 4356 453 4408 praenomen,
475 4339 545 4409 quod
562 4339 663 4393 codices
680 4340 813 4408 ignorant,
833 4338 977 4391 addidimus
995 4339 1064 4402 (nam
1087 4337 1143 4390 eius
1164 4336 1314 4390 mutationis
1334 4338 1445 4390 necessi·

292 4423 369 4479 tatoni
386 4425 418 4480 P.
435 4426 505 4480 Rulli
522 4424 663 4480 similitudo
681 4425 773 4490 affert),
791 4424 882 4478 deinde
900 4424 961 4478 libri
977 4440 1025 4477 ms.
1042 4423 1139 4476 habeut
1156 4424 1279 4487 videmos,
1296 4422 1365 4492 quod
1382 4427 1446 4476 tem-

292 4523 382 4576 porum
399 4510 466 4565 ratio
483 4527 536 4565 nou
553 4511 657 4579 patitur.
1330 4524 1333 4529 ·

371 4597 415 4652 90.
435 4594 597 4667 Ccrdsnpim.
623 4596 699 4652 Hunc
715 4596 767 4650 loci
783 4595 945 4667 significandi
961 4609 1041 4648 eausa
1058 4594 1198 4648 ablativum
1210 4595 1315 4648 formari
1328 4598 1441 4660 constat,

293 4682 335 4737 sed
352 4682 444 4739 Cicero
461 4684 565 4755 quidem
581 4687 715 4754 praeterea
731 4686 832 4739 tantum
852 4682 945 4738 Tiburi
960 4682 1040 4736 habet
1057 4682 1090 4734 ad
1107 4681 1162 4736 aa
1179 4680 1252 4746 XVI,
1261 4678 1289 4745 ·3,
1308 4680 1337 4745 13
1354 4682 1445 4735 contra
