3550 5492
866 591 999 655 .-48
1044 624 1085 636 .-

401 752 454 836 qui
476 725 655 835 temptavit,
679 757 714 815 ut
736 753 857 836 opinor,
880 752 1063 836 patientiam
1090 757 1239 835 vestram,
1269 775 1341 817 eum
1362 775 1395 817 se
1425 753 1552 820 nobilem

401 877 466 919 esso
489 854 611 918 diceret.
655 855 818 937 Domitius,
849 856 930 940 quod
958 876 1012 941 per
1040 854 1240 920 caerimonias
1267 856 1375 941 populi
1402 858 1473 922 lieri
1501 880 1553 924 non

401 963 528 1042 poterat,
545 958 662 1021 ratione
679 965 836 1022 assecutus
852 965 907 1040 est,
931 963 967 1022 ut
979 958 1022 1039 id,
1038 957 1137 1040 quoad
1152 962 1263 1041 posset,
1286 956 1388 1040 quoad
1409 959 1458 1023 las
1474 965 1553 1042 esset,

401 1058 501 1141 quoad
521 1058 641 1139 liceret,
665 1058 770 1143 populi
793 1059 832 1123 ad
859 1065 961 1144 partes
984 1059 1085 1123 daret:
1113 1059 1180 1141 hio,
1210 1059 1291 1143 quod
1312 1060 1419 1144 populi
1442 1083 1553 1149 semper

399 1161 474 1241 fuit,
498 1160 578 1244 quod
601 1181 690 1223 nemo
713 1161 887 1243 imminuit,
918 1183 1007 1226 nemo
1034 1162 1177 1244 mutavit,
1205 1163 1281 1246 quin
1303 1162 1336 1244 ii,
1365 1164 1420 1247 qui
1450 1167 1553 1251 populo

400 1282 486 1346 agros
502 1265 602 1324 essent
618 1261 814 1344 assignaturi,
837 1271 909 1327 ante
924 1265 1096 1349 acciperent
1110 1286 1129 1329 a
1143 1263 1254 1349 populo
1269 1264 1455 1332 beneficium
1469 1289 1553 1352 quam

401 1366 526 1445 darent,
549 1364 581 1426 id
604 1369 703 1427 toturn
726 1365 841 1448 eripere
864 1367 950 1431 vobis
979 1374 1071 1451 atque
1094 1389 1110 1430 e
1142 1367 1285 1431 manibus
1307 1373 1491 1452 extorquere
1512 1393 1552 1437 co

399 1471 567 1530 natusest.
619 1464 691 1546 llle,
720 1467 801 1548 quod
831 1466 897 1530 dari
926 1469 1038 1553 populo
1071 1469 1157 1534 nullo
1179 1469 1268 1534 modo
1290 1477 1419 1555 poterat,
1457 1479 1553 1538 tamen

398 1567 619 1653 quodammodo
642 1566 742 1630 dedit:
765 1568 830 1650 hic,
854 1571 935 1654 quod
957 1572 1053 1636 adimi
1075 1573 1170 1638 nullo⁴
1184 1579 1272 1657 paeto
1300 1581 1429 1658 poterat,
1455 1577 1553 1662 populi

397 1671 549 1756 potestati>
563 1667 696 1754 quadam
719 1668 835 1732 ratione
859 1672 974 1756 eripere
997 1682 1133 1741 conatur.

274 1779 342 1844 vin,
354 1774 388 1832 ΞΟ
483 1776 613 1851 Quaeret
636 1772 792 1857 quispiam
806 1773 839 1835 in
862 1780 950 1838 tanta
964 1776 1080 1841 iniuria
1101 1783 1249 1862 tantaque
1264 1778 1463 1863 impudentia
1486 1781 1551 1866 quid

397 1879 551 1964 spectarit.
606 1877 674 1940 Non
697 1874 794 1940 deluit
822 1878 1000 1943 consilium:
1030 1881 1104 1945 fides
1132 1902 1204 1964 erga
1232 1880 1352 1964 plebem
1375 1882 1550 1964 Romanam,

396 1983 535 2065 aequitas
558 1981 591 2044 in
612 2000 666 2043 vos
689 1976 921 2065 libertatemque
944 1987 1079 2047 vestram
1101 1981 1299 2046 vehementer
1321 1983 1430 2069 defuit,
1472 1984 1552 2050 lubet

484 2138 515 2196 19.
536 2167 620 2207 semper
630 2161 746 2208 proprium
753 2160 809 2206 suit.
822 2177 847 2186 -
862 2157 913 2205 aaron
926 2157 947 2196 et
960 2158 1002 2204 oui.
1018 2177 1036 2185 -
1053 2130 1134 2206 populo
1148 2166 1190 2198 om.
1204 2176 1229 2186 -
1243 2159 1302 2198 auito
1316 2160 1382 2205 pacto
1396 2161 1477 2208 potest,
1491 2162 1551 2199 tamea

396 2229 496 2274 quadam.
509 2246 534 2256 —
547 2229 578 2268 20.
591 2229 718 2276 Romanam,
732 2229 831 2275 Quirites,
844 2227 948 2274 aequitat.

398 2367 424 2416 et
443 2365 554 2417 nobilem
572 2380 629 2418 esse
648 2368 732 2433 negat.
751 2394 783 2402 -
798 2364 895 2433 populi
912 2362 949 2414 ad
961 2369 1052 2431 partes
1065 2361 1148 2415 daret.
1177 2361 1319 2416 Iusoleuter
1336 2365 1385 2416 hoe
1403 2364 1552 2418 dictumest

396 2467 425 2503 ac
445 2451 533 2504 dubito
552 2468 612 2504 num
626 2468 692 2504 vere.
730 2451 844 2520 Negarat
857 2449 1018 2502 sacerdotum
1037 2449 1191 2501 creationem
1209 2449 1299 2517 populi
1313 2445 1390 2516 posse
1402 2449 1470 2515 fieri,
1483 2466 1551 2519 quare

396 2537 438 2590 hic
456 2541 556 2590 tautum
575 2538 658 2590 dicere
675 2540 769 2606 potest,
789 2541 873 2589 tamen
887 2539 973 2603 partes
992 2535 1116 2602 quasdam
1134 2535 1161 2586 in
1174 2551 1204 2587 ea
1216 2551 1243 2587 re
1262 2535 1374 2603 agendas
1391 2536 1491 2603 populo
1503 2551 1552 2588 esse

395 2623 513 2687 traditas
532 2625 659 2685 nimirum,
677 2627 706 2675 ut
723 2625 807 2675 minor
824 2623 913 2691 populi
930 2637 991 2690 pars
1010 2625 1119 2685 crearet,
1140 2621 1230 2674 deinde
1248 2626 1277 2674 ut
1295 2636 1327 2674 ex
1345 2622 1390 2685 iis,
1416 2623 1462 2690 qui
1479 2623 1551 2676 nomi·

396 2710 449 2760 nati
467 2713 562 2772 esseut,
580 2710 670 2762 electio
690 2709 800 2761 daretur.
828 2708 878 2761 Sed
898 2708 946 2761 hoo
964 2724 1024 2760 num
1033 2707 1124 2760 Latine
1142 2708 1179 2760 ad
1192 2715 1282 2776 partes
1295 2707 1406 2759 altcarius
1424 2708 1492 2762 dare
1508 2707 1551 2760 dici

395 2796 477 2862 possit
497 2797 582 2849 nescio
601 2795 779 2864 diversumque
797 2796 866 2863 quod
877 2795 932 2847 Liv.
942 2795 985 2859 111,
1005 2795 1037 2847 10
1054 2795 1120 2847 dixit
1138 2794 1175 2846 ad
1189 2801 1410 2863 purtesparatus,
1429 2790 1550 2867 ad'qaem

395 2882 477 2934 locum
496 2882 574 2934 Drak.
592 2883 667 2950 plura
685 2882 778 2934 similia
796 2882 893 2934 laudat.
918 2881 973 2934 Neo
990 2885 1075 2934 tamen
1094 2881 1229 2948 quicquam
1246 2881 1355 2942 mutavi;
1373 2870 1479 2934 videtur
1490 2881 1550 2935 enirn

393 2982 449 3019 esse
468 2967 569 3019 dicendi
587 2982 667 3035 genus
687 2986 702 3020 a
719 2984 812 3021 scaena
830 2969 954 3037 petitum,
972 2967 1040 3035 quod
1058 2970 1087 3019 ut
1105 2967 1178 3019 nobis
1196 2968 1312 3034 ignotum
1331 2970 1400 3018 esset
1418 2981 1485 3020 casu
1501 2965 1549 3019 fieri

394 3053 486 3119 potuit.
521 3053 595 3117 Quod
619 3058 705 3107 autem
728 3054 805 3122 paulo
827 3056 888 3121 post
910 3053 952 3128 edi
974 3052 1074 3105 solebat
1097 3052 1166 3118 quod
1180 3052 1275 3120 populi
1297 3066 1398 3119 seraper
1415 3053 1549 3122 proprian

387 3137 456 3205 Jirit,
481 3139 643 3193 laudabimur
666 3145 748 3204 certe,
772 3141 839 3208 quod
863 3140 1016 3193 auctoritate
1038 3139 1093 3191 eod.
1116 3138 1178 3205 Lag.
1198 3139 1213 3190 9
1232 3139 1376 3206 expulimus
1400 3129 1548 3208 propriatim

394 3241 453 3276 nam
471 3229 497 3277 et
515 3230 573 3279 aute
592 3228 703 3295 genitivo
722 3226 778 3279 solo
801 3241 863 3279 usus
881 3229 937 3278 erat
959 3239 1006 3277 nee
1021 3225 1152 3292 proprium
1175 3224 1243 3291 apud
1262 3224 1417 3290 Ciceronem,
1441 3225 1548 3293 quodie

392 3314 520 3378 potestate
539 3313 647 3366 alicuius
665 3315 719 3377 est,
742 3311 843 3364 ridetur
865 3311 924 3364 diei.
947 3339 981 3347 —
1000 3311 1069 3378 qaia,
1106 3309 1226 3363 Notauda
1244 3310 1307 3362 haec
1324 3310 1475 3377 particula,
1489 3323 1547 3379 quae

391 3401 543 3462 excusatur,
561 3383 629 3467 quod
646 3415 719 3451 uerno
737 3398 848 3449 mutavit
864 3400 904 3450 est
920 3396 938 3448 i.
957 3414 981 3465 q.
1000 3411 1073 3448 nemo
1097 3396 1235 3465 prohibuit.
1276 3395 1350 3460 Quod
1368 3394 1473 3462 quidem
1493 3393 1547 3455 Hal·

391 3483 456 3535 mius
475 3485 585 3537 coniecit
601 3493 638 3549 ut,
657 3485 707 3537 nisi
725 3484 860 3551 negatione
878 3483 967 3536 addita
984 3483 1110 3552 quomodo
1129 3483 1235 3546 feratur,
1253 3498 1304 3535 nou
1321 3482 1500 3550 intelligimus.
1516 3507 1545 3519 -

391 3569 474 3620 adimi
490 3599 523 3607 -
537 3570 650 3639 poterat,
663 3574 758 3642 populi
772 3571 904 3641 potestati.
932 3570 1005 3635 Quod
1013 3571 1040 3622 in
1052 3570 1108 3623 eod.
1127 3571 1244 3623 omuibus
1257 3571 1297 3622 est
1309 3568 1393 3621 odiam
1403 3572 1547 3638 —poterat

388 3662 523 3722 potestate,
541 3673 593 3710 non
610 3659 723 3712 ferimus.
750 3658 816 3711 Nam
834 3657 903 3725 quod
921 3657 1024 3724 quidam
1032 3663 1186 3726 potestatem
1203 3655 1368 3723 explicabant
1385 3655 1417 3707 de
1428 3641 1471 3720 eo,
1482 3651 1544 3724 quod

391 3740 504 3808 legitima
522 3745 719 3811 magistratuum
742 3747 883 3812 potestate,
908 3760 959 3796 non
978 3744 1004 3796 ri
1022 3745 1094 3818 eripi·
1105 3746 1205 3813 posset,
1228 3747 1255 3795 et
1273 3742 1304 3794 de
1322 3742 1348 3796 ri
1370 3742 1493 3796 facienda
1509 3737 1544 3794 rel

388 3827 478 3880 leviter
500 3831 654 3885 mentionem
677 3829 733 3882 fieri
753 3830 869 3898 ineptum
891 3833 932 3884 est
955 3833 981 3882 et
1002 3831 1046 3883 rix
1069 3831 1205 3898 quicquam
1228 3828 1407 3882 videturesse
1430 3825 1543 3899 quodsi

389 3913 466 3967 adimi
485 3930 536 3967 non
554 3919 638 3984 queat.
664 3916 718 3968 lam
737 3920 793 3970 tota
810 3933 861 3969 vox
879 3917 954 3969 facile
972 3919 1060 3986 potest
1077 3916 1167 3969 abesse
1180 3918 1255 3982 atque
1274 3913 1377 3983 elegans
1396 3917 1436 3966 est
1455 3912 1543 3966 Kahoii

388 4001 536 4053 coniectura
553 4002 586 4052 ab
597 4001 701 4055 Baitero
719 3987 823 4070 ieoepta
841 4004 911 4055 nollo
926 4009 1005 4072 pacto
1019 4009 1114 4072 potest,
1133 4008 1218 4054 tornea
1236 4000 1349 4067 quadam
1364 3999 1471 4052 ratione
1477 4020 1485 4063 ;
1503 3996 1542 4052 sed

388 4101 445 4138 cum
463 4086 579 4139 codicum
597 4092 743 4141 nostrorum
762 4105 818 4141 eam
831 4093 948 4142 naturam
966 4104 1023 4142 esse
1035 4088 1144 4152 rideam,
1161 4091 1191 4140 ut
1208 4086 1353 4141 adiicienda
1369 4086 1460 4153 potius
1470 4099 1541 4155 quae

387 4171 445 4223 dam
464 4173 517 4224 sint
534 4188 609 4240 quam
628 4174 744 4240 delenda,
758 4175 854 4244 populi
865 4175 993 4245 potestati
1004 4175 1154 4244 scripsimus
1165 4173 1297 4227 levissima
1314 4172 1472 4237 mutatione;
1491 4185 1543 4224 nara

387 4257 497 4325 populas
515 4273 572 4310 eum
592 4259 690 4315 duabus
708 4263 797 4331 primis
821 4263 913 4315 litteris
935 4262 976 4316 rel
994 4278 1045 4313 una
1067 4262 1151 4329 prima
1174 4259 1313 4330 significari
1335 4258 1444 4322 soleret,
1472 4271 1542 4326 quaro

387 4343 462 4394 facile
481 4344 568 4398 eadem
588 4347 673 4400 littera
690 4350 840 4417 insequente
858 4348 976 4402 excidere
994 4348 1108 4416 potuerit
1124 4347 1284 4415 intelligitur.

472 4424 512 4482 20.
525 4432 593 4498 fides
612 4451 674 4503 erpa
694 4435 794 4504 plebem
811 4435 966 4499 Romanam,
984 4437 1005 4494 i,
1021 4450 1043 4488 e.
1062 4450 1113 4488 non
1131 4437 1246 4503 praestat
1268 4429 1337 4500 quod
1354 4434 1539 4499 praestaturum

390 4531 418 4568 se
436 4531 492 4569 esse
510 4520 578 4585 plebi
597 4524 722 4590 promisit,
740 4527 768 4575 ut
786 4539 842 4575 earn
861 4526 987 4575 tutaretur
1004 4525 1108 4591 eiusque
1120 4520 1280 4575 commodum
1292 4521 1318 4571 in
1331 4518 1450 4571 omnibus
1469 4518 1540 4571 rebus

387 4606 522 4673 spectaret.
545 4607 611 4660 Nam
630 4625 686 4662 eam
704 4611 738 4663 ot
750 4626 854 4662 causam
873 4609 969 4662 tribuni
981 4609 1019 4677 pl.·
1030 4611 1224 4664 constituuntur.
1247 4604 1411 4672 Aequitutem
1428 4603 1541 4670 intellige

283 4751 286 4758 ¹
386 4693 510 4746 iustitiam
527 4696 581 4761 vel,
604 4695 771 4765 quodetiam
794 4696 852 4764 plus
875 4699 928 4761 est,
951 4710 1105 4767 propensam
1129 4694 1295 4758 voluntatem,
1317 4707 1367 4760 qua
1390 4706 1442 4744 non
1466 4686 1538 4745 modo
