3550 5492
941 596 1010 636 xxu

396 735 464 800 Act.
494 737 579 798 fratr.
603 734 678 797 Arv.
699 754 730 817 p.
752 731 807 810 613
836 732 980 795 Henzen.
999 730 1211 802 1101111111
1238 732 1351 815 sylloge
1387 753 1417 795 n.
1446 731 1561 814 6858),

396 868 487 933 quem
510 844 591 910 Plin.
613 851 679 909 nat.
701 841 775 908 hist.
798 842 917 925 XXVI,
939 845 958 906 5
982 845 1068 926 (nam
1090 865 1277 929 praenomen
1302 843 1347 908 ibi
1368 841 1560 908 mutandum

396 960 457 1044 est)
479 978 560 1022 anno
583 959 622 1020 77
646 954 813 1020 decessisse
835 955 951 1019 scribit.
1000 956 1046 1019 De
1069 955 1157 1021 cuius
1179 957 1246 1022 vita
1260 945 1324 1021 vaut
1343 954 1481 1021 moribus
1506 959 1562 1020 aut

397 1070 572 1136 litterarum
593 1068 728 1150 denique
751 1056 854 1130 studio
877 1066 936 1130 etsi
958 1066 1036 1131 nihil
1053 1067 1195 1147 traditur,
1217 1073 1339 1153 tempus
1361 1073 1475 1146 tamen,
1501 1086 1563 1152 quo

327 1199 331 1206 ’
396 1181 484 1260 vixit,
507 1181 570 1244 lere
593 1179 746 1259 convenit,
769 1183 805 1242 ut
819 1178 935 1243 librum
957 1157 1022 1243 eius
1037 1166 1091 1263 pro
1108 1178 1204 1244 altero
1218 1181 1312 1262 fonte,
1335 1199 1394 1264 quc
1413 1177 1561 1244 Statilius

396 1293 543 1371 nauscit,
566 1292 744 1356 habeamus.
790 1290 913 1356 Tertius
936 1295 1041 1355 autem
1064 1283 1176 1356 dicitur
1199 1294 1295 1364 dona,
1317 1290 1352 1355 in
1373 1310 1434 1375 quo
1455 1290 1561 1356 nescio

396 1406 472 1491 quid
493 1404 579 1469 aliud
607 1403 702 1468 latere
731 1402 830 1488 possit
858 1401 920 1467 nisi
950 1405 1083 1474 domiai;
1114 1423 1187 1467 nam
1215 1402 1331 1468 librum
1358 1401 1409 1467 hic
1436 1409 1560 1486 quoque

396 1517 612 1599 intelligemus.
663 1514 813 1580 Dominus
842 1518 946 1579 autem
976 1513 1137 1598 dupliciter
1172 1513 1268 1600 accipi
1290 1517 1399 1599 potest,
1435 1517 1495 1577 aut*
1520 1513 1559 1577 de

395 1630 594 1714 imperatore,
616 1625 705 1691 cuius
727 1647 764 1689 ea
785 1625 850 1689 iam
871 1630 940 1689 tum
962 1622 1120 1690 sollemnis
1143 1632 1210 1691 erat
1230 1625 1410 1712 appellatio,
1441 1629 1498 1689 aut
1521 1624 1560 1688 de

396 1740 519 1806 dominc
541 1721 668 1819 Statilii,
690 1737 745 1821 qui
759 1736 836 1820 quin
857 1735 996 1802 libertini
1018 1737 1138 1821 generis
1153 1737 1256 1821 fuerit,
1279 1738 1360 1802 sicut
1373 1735 1471 1801 maior
1494 1736 1559 1800 fere

395 1873 467 1936 pars
480 1848 750 1933 grammaticorum
761 1847 847 1912 illius
862 1849 981 1927 aetatis,
1005 1849 1141 1934 dubitari
1155 1838 1218 1913 non
1234 1853 1350 1933 potest:
1368 1847 1450 1912 malo
1465 1847 1557 1933 equi-

398 1962 468 2026 dem
490 1961 527 2025 de
550 1958 667 2025 Statilii
688 1966 816 2045 patrono
838 1959 1025 2042 intelligere,
1049 1959 1195 2045 quoniam
1222 1960 1388 2045 imperator
1415 1959 1558 2035 sareda·

395 2074 500 2139 minus
522 2078 625 2137 noster
654 2078 709 2136 aut
728 2071 863 2155 Augusti
892 2071 991 2136 aliave
1020 2071 1225 2157 appellatione
1253 2071 1358 2135 addita
1385 2069 1446 2135 dici
1468 2060 1558 2137 solet.

395 2185 441 2249 Ac
461 2167 666 2249 nobilissimos
689 2183 746 2247 hac
774 2183 899 2269 ipsein
921 2205 982 2268 qua
1003 2204 1169 2248 versamur·
1184 2187 1283 2246 aetate
1312 2185 1432 2246 constat
1459 2181 1558 2248 luisse

397 2295 554 2377 Statilius,
577 2295 829 2378 nominaturque,
858 2295 913 2380 qui
939 2294 1033 2360 huius
1056 2294 1251 2379 grammatici
1278 2293 1477 2358 dominusne
1500 2316 1558 2392 pa·

287 2403 293 2415 ’
396 2414 504 2473 tronus
526 2428 592 2472 esse
614 2407 759 2493 potuerit,
781 2407 909 2471 ineunte
930 2407 1050 2471 saeculo
1072 2405 1167 2471 altero
1190 2406 1225 2470 T.
1242 2404 1384 2470 Statilius
1398 2402 1558 2472 Maximus

399 2519 530 2589 Severus
559 2519 594 2582 in
621 2517 1108 2604 compluribusinscriptionibus
1137 2517 1220 2603 apud
1242 2516 1353 2582 Marin.
1375 2516 1445 2580 Act.
1467 2515 1556 2583 fratr.

395 2631 479 2695 ΑΝ»,
493 2652 524 2715 p.
549 2631 622 2694 317.
666 2630 753 2706 Quod
775 2629 908 2721 denique
931 2627 1102 2694 extremum
1123 2629 1158 2705 in
1180 2629 1238 2693 hac
1260 2627 1485 2712 subscriptione
1509 2630 1558 2695 est

386 2753 426 2806 ct
446 2742 525 2806 elice
548 2732 662 2806 ceticae
678 2740 746 2816 ΙΙΙ,
767 2741 906 2825 intellige
921 2726 1024 2822 libros,
1048 2763 1122 2827 quos
1135 2740 1294 2825 Statilius,
1310 2761 1382 2805 eum
1396 2759 1452 2804 nec
1474 2741 1561 2825 apud

397 2874 489 2939 quem
511 2852 643 2918 fuissent
664 2874 720 2918 nec
741 2875 761 2918 a
781 2874 841 2938 quo
856 2853 963 2940 scripti
984 2854 1121 2920 indicare
1141 2858 1254 2939 posset,
1276 2850 1428 2916 vetustate
1450 2855 1559 2918 tamen

397 2963 605 3029 commendari
632 2957 721 3029 dixit.
770 2965 951 3031 Coniectura
980 2959 1070 3044 haec,
1097 2958 1175 3051 quae
1203 2963 1448 3049 disputavimus,
1474 2964 1559 3058 effici

399 3079 541 3157 fatemur,
565 3097 653 3160 quae,
675 3076 729 3140 ubi
747 3082 870 3145 eertum
892 3076 972 3141 nihil
994 3077 1082 3161 sequi
1100 3076 1200 3157 liceat,
1223 3095 1294 3139 cum
1308 3075 1481 3155 necessaria
1505 3077 1557 3159 sit,

396 3192 568 3253 statuemus
591 3185 752 3252 Statilium
774 3187 813 3252 ad
835 3186 1064 3268 emendandum¹
1083 3188 1126 3269 id,
1148 3180 1229 3270 quod
1250 3186 1317 3270 ipse
1333 3185 1476 3267 habebat,
1502 3188 1555 3253 Ci-

397 3299 516 3364 ceronis
539 3297 714 3386 exemplum
737 3318 790 3362 sex
812 3298 906 3364 libros
929 3282 1122 3380 adhibuisse,
1147 3297 1365 3380 Tironianum,
1387 3297 1556 3366 Laecania·

360 3424 362 3427 ’
395 3431 481 3491 nuru,
504 3399 724 3498 Statilianum,
737 3409 868 3494 denique
890 3399 952 3474 tres
975 3392 1050 3474 alios
1073 3394 1199 3475 veteres

480 3522 691 3586 Veruntamen
719 3528 797 3586 estu:
826 3522 906 3586 hanc
929 3521 1058 3586 alteram
1080 3522 1117 3586 de
1145 3522 1212 3606 lege
1235 3509 1355 3604 agraria
1383 3520 1556 3588 orationem

277 3694 279 3701 .
395 3635 439 3698 ab.
452 3632 580 3699 ,sartio
601 3633 796 3699 emendatam
822 3654 890 3700 esse
912 3636 1049 3718 constat:
1077 3635 1115 3699 dc
1143 3634 1214 3699 aliis
1236 3639 1349 3726 autem,
1362 3633 1554 3700 orationibus

395 3745 471 3828 quid
496 3743 765 3811 existimabimus?
806 3734 907 3838 *Certe*
928 3746 979 3810 vel
1006 3746 1110 3832 plures
1139 3745 1190 3811 vel
1217 3767 1322 3810 omnes
1350 3745 1426 3810 item
1453 3745 1492 3809 ab
1517 3767 1553 3812 ec

344 3930 348 3937 ²
396 3855 572 3920 emendatas
601 3877 666 3921 esse
693 3857 849 3938 probabile
876 3862 938 3940 est,
975 3856 1027 3922 sed
1055 3857 1259 3924 demonstrari
1286 3857 1320 3920 id
1346 3856 1433 3921 nullo
1460 3863 1552 3940 pacto

395 3972 503 4052 potest.
548 3967 665 4052 Corpus
690 3973 794 4056 autem
815 3969 895 4033 illud
916 3969 1073 4034 actionum
1088 3969 1305 4050 consularium,
1329 3967 1410 4053 quod
1432 3965 1554 4035 Cicero-

395 4080 467 4143 nem
489 4078 624 4144 effecisse
645 4078 792 4162 vidimus,
815 4102 892 4145 num
915 4081 1105 4146 conservavit
1127 4078 1290 4147 Statilius?
1324 4077 1455 4143 Videtur
1476 4100 1553 4146 sane

393 4181 531 4274 itemque
562 4189 707 4256 ridentur
739 4193 962 4277 quodammodo
987 4192 1099 4278 reliqui
1133 4193 1306 4260 orationum
1334 4186 1564 4256 Tullianarum'

396 4301 536 4385 editores,
559 4301 645 4367 euius
662 4303 713 4366 rei
734 4303 790 4368 hoc
815 4304 1029 4370 testimonium
1050 4311 1112 4387 est,
1135 4304 1217 4389 quod
1238 4301 1421 4368 Mureniana
1443 4303 1574 4385 orati0,.

395 4433 474 4496 quae
501 4413 530 4477 si
550 4414 701 4499 temperis
729 4415 807 4505 ratio
829 4416 1057 4499 observaretur,
1085 4416 1167 4482 inter
1193 4412 1388 4482 Catilinarias
1415 4412 1553 4481 interiici

395 4523 511 4607 debuit,
533 4525 573 4590 iis
594 4526 797 4612 postponitur.
841 4529 879 4592 ln
904 4528 980 4614 ipsis
1001 4534 1106 4594 autem
1134 4527 1305 4594 actionibus
1335 4524 1551 4595 consularibus

394 4635 453 4703 hae
474 4642 537 4703 tres
559 4639 707 4723 agrariae,
730 4640 805 4724 quia
817 4645 960 4728 ,tempore
981 4641 1063 4708 iuter
1084 4662 1116 4707 se
1133 4640 1290 4727 proximae
1304 4641 1438 4723 fuerunt,
1462 4628 1551 4710 dein·
