3550 5492
777 620 1012 683 -107—

312 789 378 853 alia
398 793 486 872 porta
501 787 648 872 Capenas,
664 783 813 862 Faliscus,
829 781 965 845 Sabinus
987 799 1067 861 ager,
1090 776 1251 858 Reatinus,
1266 778 1470 859 Venafranos,

311 890 471 972 Allienus,
489 887 693 953 Trebulanus.
726 883 831 947 Habes
846 887 968 947 tantam
989 879 1162 966 pecuniam,
1185 900 1248 964 qua
1261 880 1350 945 hosce
1366 902 1470 948 omnes

276 988 279 993 ’
310 1013 403 1076 agros
425 996 457 1057 et
477 997 593 1056 ceteros
618 989 729 1053 horum
750 987 867 1051 similes
895 1007 958 1051 non
980 984 1070 1049 modo
1093 1002 1209 1066 emere,
1242 1005 1348 1051 verum
1376 987 1419 1050 eti

311 1116 490 1160 coacervare
511 1094 624 1180 possis:
647 1113 701 1156 cur
722 1113 772 1156 eos
795 1112 857 1156 non
876 1090 986 1154 definis
1008 1108 1109 1171 neque
1130 1086 1281 1168 nominas,
1304 1092 1340 1152 ut
1361 1089 1471 1155 saltem

312 1198 482 1263 deliberare
503 1197 590 1284 plebs
610 1194 751 1260 Romana
771 1193 877 1280 possit,
900 1192 976 1278 quid
991 1190 1114 1257 intersit
1135 1190 1297 1273 suas-quid
1319 1193 1470 1277 expediat,

312 1308 469 1386 quantum
490 1301 547 1366 tibi
569 1301 604 1365 in
626 1298 764 1364 emendis
786 1304 817 1363 et
831 1294 1002 1387 vendendis
1023 1294 1115 1358 rebus
1136 1292 1390 1358 committendum
1412 1316 1471 1380 pu·

311 1402 380 1468 tet?
421 1404 552 1486 Definio,
575 1403 687 1488 inquit,
710 1401 842 1467 ltaliam.
887 1398 971 1465 Satis
994 1402 1076 1461 certa
1097 1395 1189 1478 regio.
1226 1397 1351 1461 Etenim
1373 1419 1470 1482 quan-

310 1504 417 1569 tulum
438 1505 576 1587 interest,
598 1496 706 1570 utrum
727 1504 761 1568 in
783 1503 909 1568 Massici
930 1499 1057 1581 radices,
1079 1521 1119 1563 an
1141 1499 1175 1562 in
1190 1499 1313 1579 Italiam
1335 1501 1395 1566 alio
1418 1501 1470 1565 de·

311 1605 492 1670 ducamini?
524 1611 600 1691 Age,
623 1626 685 1670 non
701 1603 811 1670 definis
832 1605 944 1670 locum.
979 1600 1079 1678 Quid?
1099 1607 1243 1666 naturam
1259 1601 1345 1685 agri?
1382 1603 1469 1686 Vero,
1480 1616 1513 1668 67

312 1709 434 1793 inquit,
457 1713 512 1794 qui
531 1714 621 1774 arari
641 1721 696 1773 aar
718 1709 779 1773 coli
793 1712 904 1794 possit.
950 1706 1010 1784 Qui
1038 1705 1135 1791 possit
1155 1706 1252 1788 arari,
1275 1707 1392 1792 inquit,
1416 1714 1471 1773 aut

312 1811 382 1895 coli,
405 1833 467 1878 non
490 1814 545 1897 qui
566 1818 671 1880 aratus
693 1818 748 1876 aut
769 1813 872 1878 cultus
895 1811 945 1876 sit.
994 1809 1108 1874 Utrum
1125 1808 1199 1872 haec
1221 1809 1271 1873 lex
1293 1813 1340 1872 est
1361 1831 1401 1874 en
1423 1817 1470 1874 ta-
1527 1802 1529 1806 ⁷

311 1916 388 1981 bula
408 1917 593 1981 Neratianae
615 1915 787 1981 auctionis?
808 1916 843 1980 in
865 1937 927 2001 qua
941 1913 1092 1998 seriptum
1114 1912 1210 1977 fuisse
1231 1911 1336 1976 aiunt:
1359 1917 1471 1996 iapera

311 2042 361 2092 cc,
388 2022 422 2082 ia
449 2021 559 2103 quibas
587 2019 730 2083 olivetum
742 2020 820 2105 ficri
834 2029 954 2104 potest:
975 2020 1087 2099 iapera
1110 2040 1177 2090 ccc,
1203 2018 1259 2079 abi
1286 2018 1404 2078 institui
1423 2021 1469 2080 ci-

309 2145 389 2185 neae
398 2133 539 2206 waccar.
576 2121 693 2185 Hoetu
714 2106 796 2186 emes
810 2122 873 2187 ista
894 2120 1114 2186 innumerabili
1128 2120 1270 2206 pecunia,
1286 2119 1366 2203 quod
1389 2121 1469 2184 arari

310 2229 368 2288 aut
390 2223 449 2287 coli
470 2221 587 2308 possit?
631 2222 718 2299 Quod
747 2224 848 2288 solum
869 2229 935 2288 tam
958 2222 1037 2288 exile
1058 2229 1114 2288 aut
1135 2244 1274 2287 macrum
1302 2226 1359 2303 est,
1389 2224 1470 2307 quod

396 2413 499 2459 meam,
512 2413 622 2453 Reatinae.
635 2432 660 2441 -
670 2413 750 2462 plebes.
764 2433 787 2440 -
802 2417 822 2453 et
834 2415 858 2453 in
871 2413 993 2454 vendendis.
1007 2435 1030 2441 —
1045 2423 1074 2452 aa
1087 2414 1111 2452 ia
1124 2411 1226 2462 Apuliam
1243 2414 1313 2453 alicae
1326 2415 1469 2454 deducamini.

307 2502 336 2512 -
351 2480 385 2520 6¹1.
403 2481 537 2520 Veratianae.
551 2497 576 2509 -
590 2480 646 2519 exile
659 2484 679 2520 et
692 2490 794 2520 macram

306 2651 376 2705 pans
398 2633 484 2687 habet.
528 2633 594 2686 Tum
618 2633 651 2685 ab
674 2633 729 2686 alia
747 2639 829 2702 porta
845 2635 863 2688 i.
880 2650 904 2687 e.
922 2635 1047 2688 Flaminia
1070 2635 1102 2687 ad
1126 2635 1327 2704 septentrionem
1349 2652 1468 2705 egressus

308 2722 495 2793 commemorat
503 2719 658 2787 Capenatem
677 2735 775 2787 agrum,
793 2720 826 2772 ab
843 2724 929 2774 uetere
947 2721 1042 2791 oppido
1056 2720 1159 2790 Capena
1169 2722 1273 2786 dictum,
1288 2726 1315 2775 et
1333 2724 1468 2788 Faliscum,

306 2808 354 2877 qui
371 2810 412 2860 est
429 2807 501 2859 circa'
513 2806 640 2870 Falerios,
661 2809 688 2858 et
705 2806 843 2870 Sabinum,
867 2823 942 2875 quem
963 2803 1071 2860 veteres
1081 2807 1171 2860 Sabini
1194 2808 1349 2871 habuerant,
1367 2824 1467 2877 exque

305 2894 368 2962 ipso
386 2891 483 2946 Sabino
502 2908 564 2962 agre
582 2893 664 2945 Reate
682 2894 810 2957 nominat;
834 2893 880 2946 sed
897 2893 957 2946 inde
975 2894 1135 2950 dextrorsum
1158 2910 1295 2948 conversus
1319 2888 1467 2950 montanam

306 2980 439 3051 regiorum
457 2980 619 3049 persequitur
628 2980 766 3034 Venafrum
784 2982 920 3034 nominans
938 2985 964 3035 et
981 2983 1064 3036 Alifas
1082 2987 1108 3036 et
1125 2983 1272 3047 Trebulam,
1290 2983 1349 3034 dum
1367 2982 1422 3035 iere
1434 2982 1467 3034 ad
1492 2981 1495 2987 '

305 3065 418 3119 eundem
434 3066 519 3119 locum
536 3067 662 3134 pervenit,
680 3083 730 3135 quo
748 3068 791 3120 via
800 3067 886 3136 Appia
903 3073 1053 3122 accesserat.
1080 3069 1120 3122 lta
1132 3071 1256 3138 optimum
1274 3083 1364 3137 agrum
1376 3068 1466 3120 Italiae
1560 3084 1563 3090 ·

305 3151 377 3204 circa
393 3150 483 3204 urbem
500 3151 608 3204 Romam
625 3152 704 3205 situm
724 3153 911 3222 complectitur.
930 3183 963 3191 -
986 3171 1154 3219 caucaseae,
1172 3158 1201 3207 ut
1218 3171 1297 3222 supra
1314 3156 1378 3207 orat.
1397 3152 1423 3218 I,
1441 3153 1467 3218 b,

308 3237 533 3291 tramaricam
556 3244 582 3290 et
604 3246 783 3292 coacervatam
802 3240 955 3309 pecaniam,
981 3241 1048 3293 infra
1064 3242 1079 3306 ξ
1096 3242 1128 3295 'ir
1145 3241 1273 3311 pecca-iae
1295 3247 1422 3308 capaci-ar
1444 3246 1469 3292 ci

308 3330 506 3377 coacervantur.
524 3355 557 3363 -
570 3325 714 3378 inlicitam
732 3327 785 3379 alio
804 3327 975 3380 deducamini.
1002 3324 1094 3379 Adhuc
1106 3328 1149 3380 sic
1166 3329 1301 3381 edebatur:
1320 3325 1468 3380 inlicitam

309 3410 395 3462 aliave
412 3410 585 3473 declaramini,
604 3410 672 3478 quod
690 3426 748 3463 cum
765 3404 961 3465 vitiosum'esse
979 3413 1115 3479 appareret
1127 3410 1194 3480 (quis
1214 3414 1283 3465 enim
1299 3428 1378 3464 unum
1395 3410 1467 3464 illum

307 3495 403 3558 locum,
421 3495 465 3563 qui
482 3494 515 3546 ad
533 3495 637 3548 Massici
655 3494 755 3548 radices
773 3498 822 3559 est,
839 3497 888 3548 toti
906 3495 995 3547 ltaliae
1013 3495 1051 3547 ita
1068 3498 1190 3563 opponat,
1208 3500 1237 3548 ut
1253 3497 1377 3550 Massicus
1395 3499 1469 3549 extra

307 3579 410 3633 ltaliam
427 3581 529 3649 positus
547 3596 604 3634 esse
621 3581 776 3647 videaturi),
802 3581 924 3650 Sigonius
941 3581 1087 3634 emendavit
1103 3581 1132 3632 ic
1148 3579 1275 3649 Apuliam
1296 3584 1380 3636 aliove
1398 3598 1466 3635 rece·

308 3669 451 3735 peruntque
467 3667 496 3721 id
513 3668 565 3731 alii,
584 3669 637 3734 alii,
655 3669 771 3737 quamvis
794 3669 887 3721 vitium
905 3670 1085 3738 agnoscerent,
1107 3667 1138 3719 de
1156 3667 1268 3720 remedio
1286 3669 1466 3738 desperabant.

309 3751 385 3805 Nunc
402 3753 447 3806 vix
464 3753 591 3807 dubitatio
612 3755 775 3824 relinquetur.
812 3753 879 3807 Nam
903 3771 961 3808 cum
984 3753 1041 3808 cod.
1059 3753 1121 3821 Lag.
1139 3752 1155 3804 9
1173 3752 1293 3807 exhibeat
1313 3756 1398 3808 aliove
1421 3754 1468 3806 da·

309 3837 419 3901 ramici,
441 3833 596 3907 particulam
617 3857 648 3893 ce
674 3855 732 3892 cum
754 3841 837 3908 prima
859 3840 931 3893 verbi
953 3840 1054 3909 syllaba
1075 3839 1208 3892 confusam
1229 3854 1288 3892 esse
1309 3844 1385 3909 atque
1407 3840 1467 3893 inde

309 3938 421 3976 errorem
436 3922 556 3978 'extitisse
572 3925 696 3979 videmus.
723 3926 848 3979 Massicus
867 3916 1056 3991 autemmons‚
1073 3929 1103 3979 ut
1120 3925 1244 3992 diximus,
1263 3925 1296 3976 ab
1318 3925 1393 3977 initio
1411 3926 1467 3992 agri

309 4006 411 4061 Falerni
432 4013 472 4063 est
494 4011 686 4080 celebratumque
708 4012 834 4080 imprimis
856 4015 963 4080 propter
984 4013 1038 4065 vini
1055 4013 1248 4080 praestantiam,
1266 4026 1331 4078 quae
1348 4011 1419 4075 iacit,
1439 4015 1468 4063 ut
1517 4018 1519 4021 '

309 4095 368 4163 plus
379 4111 413 4149 ex
429 4112 461 4149 eo
478 4096 567 4150 redeat
583 4114 659 4166 qnam
676 4114 710 4151 ex
721 4098 774 4151 ullo
792 4098 843 4150 alic
860 4097 950 4150 ltaliae
968 4112 1037 4166 agro.

397 4181 438 4235 67.
462 4181 526 4237 Vero
544 4185 621 4237 etiam
638 4185 694 4249 sine
711 4185 862 4253 pronomine
880 4186 907 4236 et
924 4185 979 4237 sine
996 4185 1075 4238 verbo
1093 4185 1272 4254 respondentis
1290 4186 1338 4247 est,
1356 4183 1414 4237 ride
1434 4184 1467 4236 ad

310 4283 335 4336 p.
354 4269 419 4321 llur.
436 4267 479 4334 31,
497 4269 539 4323 65.
565 4271 695 4324 Discernit
712 4273 798 4323 autem
810 4275 914 4339 agrurn,
932 4271 976 4339 qui
994 4271 1071 4322 arari
1086 4273 1183 4340 possit,
1200 4274 1230 4324 ut
1246 4270 1374 4323 frumenta
1391 4269 1466 4334 ferat,

311 4353 343 4406 ab
360 4368 400 4417 eo,
417 4354 462 4421 qui
479 4355 530 4407 coli
546 4357 643 4424 possit,
660 4357 687 4408 in
705 4371 755 4424 quo
774 4356 896 4408 olivetum
914 4355 953 4407 vel
973 4356 1049 4408 uinea
1066 4356 1216 4410 instituitur.
1238 4385 1272 4396 -
1295 4355 1466 4410 Neratiaaae.

311 4437 354 4492 Sic
375 4428 582 4507 optinentur.
604 4443 687 4494 secuti
708 4440 870 4510 scripsimus;
895 4441 988 4508 reliqui
1010 4440 1063 4492 iere
1090 4438 1245 4494 Veratianae
1268 4445 1380 4495 tuentur.
1415 4440 1466 4495 Sed

311 4528 371 4578 eunt
388 4528 416 4578 et
432 4525 532 4579 Neratii
548 4530 574 4580 et
591 4527 702 4580 Veratii:
720 4527 777 4595 quis
794 4527 890 4597 igitur,
905 4542 964 4579 cum
982 4527 1067 4580 auctio
1084 4527 1142 4599 ipsa
1159 4526 1223 4579 alias
1246 4543 1298 4580 non
1316 4543 1467 4582 commemo·

310 4615 390 4676 retur,
407 4612 545 4691 decernat?
581 4613 726 4683 Eademque
743 4613 855 4666 varietas
872 4613 1000 4681 reperitur
1016 4629 1043 4681 p.
1060 4612 1153 4665 Flacco
1170 4611 1212 4677 20,
1223 4611 1266 4665 46.
1284 4640 1317 4650 -
1334 4614 1402 4667 eaiie
1421 4619 1468 4666 aot

313 4712 437 4752 mamaea
466 4697 511 4752 Sic
528 4698 646 4754 codicum
663 4697 801 4753 auowntas
818 4698 941 4768 postulat,
958 4713 1011 4752 non
1028 4697 1095 4753 erile
1112 4703 1139 4753 ei
1154 4712 1279 4761 macram,
1295 4698 1368 4770 quod
1383 4697 1468 4759 adhuc
