3550 5492
822 604 1120 672 -ra-·

306 790 338 844 18
348 771 522 835 libertatem
542 789 659 834 vocare.
710 769 797 840 Item,
820 769 937 853 inquit,
961 770 1126 852 eodemque
1147 771 1254 841 modo,
1276 769 1377 855 capite
1392 756 1497 852 altero,

432 935 463 974 18.
476 904 549 974 eodem
561 936 629 974 modo.

432 1083 471 1136 18.
490 1084 550 1136 item
567 1111 602 1124 —
620 1080 755 1149 eodemque
772 1080 853 1132 inodo.
890 1079 959 1134 Haec
976 1079 1031 1133 siue
1049 1082 1120 1134 certa
1140 1081 1250 1148 quadam
1268 1083 1400 1146 sententia
1418 1096 1498 1137 cumu-

344 1168 396 1220 lata
414 1183 470 1222 esse
488 1169 540 1221 noli
559 1168 713 1221 existimare.
739 1166 805 1219 Item
822 1167 866 1230 011,
884 1167 944 1233 quia
961 1166 1071 1219 comitiis
1089 1170 1117 1222 et
1132 1157 1328 1234 poutsmaximi
1346 1171 1373 1220 01
1391 1169 1497 1222 Xvirnm

343 1253 458 1306 adhiberi
480 1255 584 1308 volebat
600 1254 676 1307 XVII
693 1254 788 1316 tribus,
811 1268 861 1306 uon
879 1256 962 1330 totum
981 1253 1117 1323 populum,
1136 1254 1222 1306 eudem
1239 1254 1325 1318 0010,
1348 1255 1412 1322 quia
1434 1255 1497 1324 ipsas

344 1337 401 1390 illas
420 1338 593 1405 septendecim
611 1338 694 1390 tribus
707 1337 794 1390 eadem
812 1338 840 1389 in
857 1337 972 1405 utrisque
990 1339 1100 1390 comitiis
1112 1339 1211 1391 ratione
1224 1337 1289 1391 effici
1300 1339 1419 1411 iubebat.
1437 1339 1496 1391 Nam

343 1439 398 1476 cum
420 1424 533 1476 tribuum
552 1425 636 1475 certus
656 1421 718 1475 ordo
736 1425 812 1486 esset,
829 1421 846 1475 i.
865 1437 887 1474 0.
906 1437 964 1474 cum
982 1438 1033 1474 una
1050 1422 1180 1477 nominata
1198 1426 1298 1476 ceterae
1315 1438 1363 1477 suo
1383 1440 1416 1477 ac
1434 1426 1497 1478 ce'rto

341 1509 429 1562 ordine
441 1513 616 1576 sequerentur,
633 1509 711 1560 variis
727 1507 809 1559 modis
822 1506 996 1575 septendecim
1013 1507 1082 1559 effici
1099 1509 1225 1576 poterant,
1243 1508 1313 1560 velut
1331 1509 1354 1561 01
1372 1526 1429 1562 una
1447 1512 1496 1563 100

341 1601 395 1648 100
414 1599 483 1648 scrte
501 1595 559 1646 duci
577 1594 720 1657 iuberetur,
741 1593 853 1661 reliquae
870 1592 982 1646 sedecim
999 1608 1032 1646 err
1048 1593 1093 1646 illo
1111 1598 1234 1648 consueto
1248 1588 1342 1647 ¹ordine
1360 1595 1433 1649 addi
1466 1595 1496 1647 11

339 1683 381 1735 lex
399 1682 430 1734 de
449 1680 571 1750 pontifice
589 1680 700 1733 maximo
718 1679 828 1732 creando
846 1679 952 1747 iubebat
969 1693 1066 1744 omnes,
1085 1695 1149 1747 quac
1167 1683 1298 1733 creaturae
1316 1684 1416 1746 essent,
1434 1684 1496 1734 sorte

339 1769 406 1832 duci,
424 1782 501 1835 quam
519 1766 693 1834 eligendarum
714 1766 827 1819 tribuum
850 1766 974 1819 rationem
992 1765 1022 1820 P.
1040 1765 1131 1818 Rullus
1154 1782 1170 1818 a
1191 1764 1311 1834 pontifico
1334 1767 1450 1819 maximo
1467 1766 1494 1818 ad

338 1855 435 1907 Xriros
461 1853 640 1906 transferebat.
679 1851 817 1905 Pontifices
841 1856 926 1905 autem
949 1853 1053 1905 maximi
1075 1852 1107 1904 ab
1130 1852 1314 1919 antiquissimis
1335 1853 1492 1921 temporibus

338 1944 414 2008 atque
432 1939 553 2006 abipsa,
572 1942 601 1992 01
622 1939 755 2002 existimo,
780 1939 878 2007 origine
900 1938 1029 1992 libertatis
1048 1953 1149 2006 semper
1175 1938 1254 1990 creati
1281 1942 1375 1992 sunta
1393 1938 1493 2008 populo,

337 2027 410 2078 initio
430 2026 486 2078 aliis
505 2026 623 2089 comitiis,
642 2028 732 2093 postea
750 2026 866 2078 tributis
901 2024 968 2078 Nam
987 2025 1009 2076 si
1032 2025 1089 2093 quis
1112 2027 1201 2076 auctor
1224 2039 1311 2078 eorum
1334 2027 1493 2079 comitiorum

340 2115 411 2165 esset
428 2111 566 2163 memoriae
584 2110 711 2178 proditus,
729 2125 786 2164 eum
804 2110 828 2164 1.
846 2111 863 2164 l.
882 2109 971 2163 Cicero
988 2109 1089 2164 videtur
1106 2110 1238 2163 nominare
1253 2109 1383 2176 debuisse,
1401 2127 1457 2176 000,
1473 2112 1493 2164 si

337 2199 394 2266 quis
411 2197 545 2266 popularis
572 2197 689 2249 tribunus
713 2196 749 2248 ad
766 2196 849 2266 plebis
871 2197 1012 2264 potentiam
1035 2195 1176 2265 augendam
1199 2195 1225 2248 id
1249 2196 1451 2263 introduxisset,
1467 2199 1493 2251 t.

337 2282 760 2337 5011010000111000100000100
783 2283 995 2351 optimatiumque
1017 2283 1133 2350 potentia
1156 2280 1308 2350 reliquisset.
1345 2282 1424 2338 Nunc
1440 2301 1493 2353 per·

338 2373 430 2438 petuus
453 2369 496 2421 ille
513 2383 568 2422 mos
591 2369 640 2421 tuit
656 2369 778 2438 ipsosque
799 2370 968 2438 imperatores
984 2369 1103 2422 comitiis
1128 2369 1211 2423 100100
1235 2384 1292 2422 0000
1315 2373 1420 2423 constat
1438 2371 1491 2436 (Dio

336 2455 408 2509 Cass.
418 2455 514 2519 XLIX,
525 2456 575 2518 15).
604 2453 762 2523 Quamquam
780 2456 863 2509 minor
880 2456 928 2508 hac
945 2456 972 2508 in
990 2472 1018 2509 re
1036 2456 1198 2509 comitiorum
1215 2459 1332 2524 potestas
1350 2456 1403 2510 tuit
1419 2474 1491 2526 quam

334 2543 520 2606 existimemus3
538 2541 632 2593 etenim
655 2541 802 2609 pontificem
825 2542 1014 2594 maximum-ex
1032 2543 1089 2610 ipso
1111 2541 1261 2611 pontificum
1283 2541 1394 2612 collegio
1413 2544 1491 2597 creari

335 2627 483 2696 oportebat:
502 2643 579 2695 quare
597 2628 718 2696 quamdiu
735 2629 787 2696 ipsi
799 2627 935 2697 pontifices
948 2645 964 2681 0
976 2629 1084 2698 collegio
1098 2629 1293 2698 coaptabantur,
1311 2630 1380 2682 inter
1395 2645 1491 2699 paucos

336 2714 446 2767 comitiis
464 2714 618 2767 certabatur.
645 2713 732 2782 quue
749 2716 862 2782 pertinet
879 2715 948 2784 quod
966 2713 1054 2771 Cicero
1073 2717 1110 2769 ait
1127 2716 1238 2768 maiores
1255 2715 1340 2767 nostri
1356 2717 1491 2771 voluerunt

330 2795 427 2869 populo
446 2801 602 2869 00001000ος
620 2804 675 2854 1010
693 2802 760 2854 0010
778 2801 883 2855 comitia
899 2803 943 2854 vix
961 2802 1095 2871 quicquam
1106 2802 1236 2866 valebant,
1255 2801 1305 2854 0101
1321 2805 1352 2855 01
1369 2805 1490 2857 maiestas

333 2887 422 2955 populi
440 2890 633 2939 conservaretur
651 2891 727 2954 atque
744 2887 808 2939 illud
824 2890 962 2954 teneretur,
980 2904 1012 2941 ne
1024 2889 1081 2956 quis
1093 2903 1211 2955 magnam
1223 2890 1379 2956 potestatem
1390 2891 1489 2944 iniussu

332 2975 387 3026 eius
405 2974 518 3026 haberet.
556 2973 607 3026 Sed
626 2974 730 3027 sustulit
747 2973 894 3042 principum
910 2975 937 3026 in
954 2974 1002 3027 hac
1014 2990 1041 3027 re
1059 2975 1199 3042 potentiam
1218 2972 1263 3026 (ln.
1280 2973 1421 3041 Domitius,
1432 2967 1487 3030 trib.

331 3059 367 3129 pl.
386 3060 447 3112 anni
467 3058 515 3112 103
535 3059 639 3126 (Vellei.
650 3059 683 3124 ΙΙ,
698 3059 748 3123 12).
776 3059 886 3112 Pertulit
904 3061 970 3112 enim
989 3060 1057 3128 quod
1075 3059 1205 3113 ansoldi>
1223 3059 1320 3112 frustra
1337 3063 1489 3130 temptatum

332 3146 548 3212 0010100100
566 3146 726 3200 comitiorum
745 3147 858 3210 ratione,
881 3162 932 3214 qua
954 3146 1072 3214 pontifex
1094 3146 1220 3198 maximus
1242 3148 1383 3211 crearetur,
1403 3148 1432 3201 id
1452 3151 1490 3202 cst

333 3249 378 3300 per
396 3233 569 3302 septendecim
581 3233 672 3297 tribus,
691 3232 776 3285 omnia
793 3231 1080 3299 collegia'sacerdotum
1098 3231 1204 3296 maiora,
1221 3232 1265 3286 ie.
1284 3220 1431 3300 pontifices,
1449 3250 1488 3287 00·

330 3334 414 3387 gures,
432 3318 529 3374 Vllriri
550 3308 686 3389 epulones,
704 3318 757 3371 XV
773 3319 854 3372 sacris
872 3317 1013 3382 faciundis,
1032 3321 1184 3371 crearentur.
1221 3318 1287 3371 Nam
1306 3319 1414 3387 antiqua
1429 3315 1488 3375 'con-

330 3405 438 3459 suetudo
457 3410 520 3472 erat,
538 3410 568 3459 01
585 3409 767 3475 cooptarentur
784 3406 801 3458 i.
821 3420 843 3458 0.
861 3408 891 3458 01
909 3404 941 3457 01
957 3404 1021 3473 ipsis
1040 3403 1153 3472 collegiis
1176 3404 1267 3457 fierent
1284 3405 1343 3468 (100
1361 3406 1432 3458 0010
1449 3408 1486 3458 ast

330 3493 454 3560 cooptari,
471 3493 489 3546 i.
498 3508 521 3546 0.
539 3491 595 3544 fieri
618 3492 650 3544 ab
667 3493 714 3557 iis,
737 3505 844 3559 quorum
865 3489 966 3557 collega
987 3489 1088 3543 futurus
1110 3491 1157 3554 sis)
1175 3505 1206 3542 ac
1222 3489 1297 3557 nesae
1325 3491 1381 3544 0100
1398 3496 1487 3546 contra

253 3613 254 3616 =
329 3578 478 3647 religionem
497 3581 573 3647 atquc
589 3578 696 3646 impium
715 3576 837 3630 adversus
856 3576 919 3629 deos
936 3576 1090 3640 habebatur,
1113 3579 1142 3629 01
1160 3575 1307 3630 sacerdotes
1325 3592 1379 3630 non
1398 3576 1486 3630 tierent

329 3665 362 3716 ab
380 3665 563 3718 sacerdotibus.
598 3664 688 3733 Itaque
705 3663 833 3716 Domitius
857 3665 882 3715 et
909 3662 972 3715 illud
995 3663 1027 3716 de
1050 3664 1147 3716 minore
1173 3665 1246 3732 parte
1268 3663 1362 3732 populi
1381 3664 1484 3720 010010

328 3751 500 3820 septendecim
518 3750 636 3804 tribubus
654 3750 789 3818 usurparit
807 3751 833 3801 et
850 3750 1004 3802 creationem
1023 3750 1179 3818 cooptationi
1194 3749 1348 3818 praecedere
1365 3750 1444 3804 iussit
1460 3753 1484 3802 01

328 3837 436 3906 denique
454 3836 653 3891 nominationem
672 3852 723 3889 non
741 3835 853 3888 sustulit.
899 3835 1025 3900 Quattuor
1049 3837 1130 3904 igitur
1152 3851 1192 3889 res
1210 3837 1238 3889 in
1260 3835 1384 3889 iaciendis
1403 3851 1484 3891 sacor-

328 3924 431 3977 dotibus
450 3921 632 3978 discernendae
649 3926 717 3986 suut,
735 3922 884 3988 nominatio,
904 3937 960 3976 cum
972 3926 1024 3976 tres
1043 3924 1096 3977 iere
1108 3922 1239 3977 candidati
1257 3922 1289 3974 ab
1301 3936 1351 3975 000
1370 3922 1483 3976 001100-

327 4011 374 4064 bus
399 4009 523 4078 cuiusque
546 4009 649 4077 collegii
672 4008 804 4062 sodalibus
827 4009 1036 4078 proponebantur
1054 4008 1116 4074 (Oic.
1134 4009 1199 4062 Phil.
1217 4008 1254 4073 11,
1272 4008 1300 4073 2,
1318 4009 1346 4072 43
1366 4011 1435 4063 auct
1453 4008 1483 4061 ad

263 4156 265 4162 ,
325 4098 436 4150 Herenn.
458 4096 540 4160 Ι,11),
558 4096 661 4161 creatio,
679 4111 736 4149 cum
754 4097 865 4149 comitiis
883 4112 949 4150 unus
967 4113 999 4149 ex
1017 4096 1159 4173 candidatis
1177 4095 1326 4165 eligebatur,
1343 4097 1482 4164 cooptatio,

327 4183 437 4251 quaein
455 4180 563 4250 collegio
582 4180 674 4247 flebat,
692 4183 868 4252 inauguratio,
886 4199 945 4238 cum
963 4197 1044 4237 00000
1062 4184 1158 4237 sodalis
1175 4181 1332 4237 ornamentis
1351 4182 1482 4256 dignitatis

327 4269 488 4322 afficiebatur
506 4269 605 4338 diisque
623 4270 858 4327 commendabatur.
893 4270 966 4323 Hanc
983 4270 1066 4338 legem
1083 4269 1220 4324 Domitiam
1240 4269 1344 4321 sustulit
1361 4267 1390 4320 t.
1403 4269 1482 4333 Sulla,

326 4354 426 4408 reddita
444 4354 559 4424 collegiis
582 4356 719 4425 coaptandi
740 4360 882 4426 potestate,
901 4356 946 4411 sed
969 4357 1081 4410 restituit
1102 4356 1152 4410 100
1174 4357 1231 4426 ipso
1254 4369 1304 4424 quo
1323 4353 1412 4408 Cicero
1431 4370 1481 4409 cos.

324 4441 457 4496 10110000
481 4446 594 4498 extremo
613 4444 643 4499 Τ.
661 4445 748 4497 Attius
764 4444 901 4498 Labienus.
942 4442 980 4497 Ac
999 4445 1163 4497 consentiunt
1184 4459 1242 4496 cum
1260 4442 1299 4494 his
1316 4441 1393 4494 rebus
1412 4441 1482 4496 11100·

324 4527 394 4581 ronis
412 4529 497 4584 verba.
514 4573 518 4580 .
534 4529 607 4596 Quod
627 4532 694 4584 0010
712 4531 749 4583 011
766 4537 843 4598 atquc
860 4531 907 4584 100
924 4530 992 4583 idem
1010 4531 1042 4584 de
1060 4532 1151 4584 ceteris
1169 4529 1320 4582 sacerdotiis
1335 4527 1482 4583 000001·

324 4614 375 4666 1100
396 4615 463 4680 tradit,
482 4617 513 4670 do
531 4617 601 4688 lege,
618 4635 683 4688 qnae
702 4619 838 4687 aliquando
856 4619 923 4685 lata,
941 4619 1053 4674 001100
1071 4604 1168 4673 abolita
1186 4621 1253 4684 erat,
1271 4620 1414 4672 rectissime
1431 4620 1481 4674 1101

321 4703 435 4768 poterat:
459 4718 524 4771 quae
549 4706 572 4759 si
595 4721 683 4760 mrsus
704 4720 752 4774 per
769 4705 910 4760 Labienum
933 4705 1024 4760 fuisset
1045 4706 1176 4774 restituta,
1195 4705 1404 4768 0100001101.
1424 4723 1481 4763 cum
