3550 5492
764 601 998 667 -161-

302 767 393 830 haee:
414 770 469 850 qai
482 777 558 851 post
582 764 617 829 C.
633 766 773 829 Martum
790 765 845 830 Co.
864 763 1038 830 Carbonem
1059 768 1206 830 eonsules.
1241 766 1339 843 Quam
1354 768 1459 853 procul

303 891 321 933 a
342 868 516 953 suspicione
538 869 626 952 fugit,
651 869 731 952 quod
754 889 804 933 eos
826 867 975 949 eonsules,
997 868 1052 952 qui
1077 868 1245 933 adversarii
1267 870 1370 934 Sullae
1392 894 1459 937 ma-

302 974 385 1037 xime
400 974 534 1054 fuerunt,
556 973 753 1057 potissimum
768 969 960 1037 nominavit?
997 971 1030 1034 Si
1045 971 1130 1034 enim
1145 970 1266 1037 Sullam
1280 974 1459 1040 dictatorem

303 1076 507 1157 nominasset,
536 1075 733 1160 perspicuum
754 1077 817 1140 lore
841 1080 872 1139 et
893 1071 1084 1137 invidiosum
1111 1072 1277 1138 arbitratus
1299 1082 1354 1140 est
1399 1076 1461 1141 Sed

304 1200 396 1264 quem
417 1185 554 1245 vestrum
576 1184 642 1243 tam
663 1179 750 1243 tardo
772 1178 897 1262 ingenio
918 1177 981 1239 lore
1003 1175 1135 1259 putavit,
1158 1177 1209 1240 oui
1226 1183 1296 1262 post
1316 1200 1366 1243 eos
1388 1202 1461 1246 oon-

304 1282 386 1348 sules
414 1282 534 1346 Sullam
561 1282 740 1347 dictatorem
768 1283 862 1346 fuisse
889 1282 924 1344 in
954 1284 1091 1342 mentem
1119 1281 1224 1345 venire
1252 1302 1314 1345 non
1341 1284 1462 1367 posset?

305 1384 385 1460 Quid
408 1404 479 1466 ergo
501 1384 546 1448 ait
567 1384 725 1448 Marianus
746 1383 892 1448 tribunus
914 1381 1021 1469 plebis,
1045 1383 1098 1465 qui
1121 1404 1176 1447 nos
1191 1384 1335 1450 Sullanos
1355 1386 1391 1450 in
1412 1388 1487 1451 in·7

305 1488 421 1554 sidiam
449 1486 551 1572 rapit?
604 1488 667 1566 Qui
694 1501 768 1572 post
790 1490 930 1552 Martum
957 1499 985 1550 et
1018 1486 1192 1552 Carbonem
1219 1490 1357 1554 correntes
1380 1495 1462 1573 apri,

392 1720 429 1760 cte.
442 1720 556 1770 Papirium
569 1723 671 1760 eonsules.
683 1739 709 1750 -
722 1729 782 1767 ouem
795 1723 897 1760 sorerem.
949 1686 957 1703 κ

308 1933 384 1986 agros
402 1915 440 1970 ita'
456 1917 593 1981 diviserat,
615 1905 645 1969 ut
660 1917 756 1984 privati
776 1915 880 1979 fierent,
903 1914 949 1969 sed
971 1915 1059 1969 venire
1076 1919 1193 1971 vetuerat
1208 1920 1283 1982 (orat.
1301 1920 1333 1985 lI,
1352 1920 1392 1987 28,
1411 1923 1463 1989 78),

309 2004 376 2056 unde
393 2002 480 2067 fiebat,
497 2007 526 2056 ut
543 2003 655 2056 maxima
671 2018 732 2070 pars
750 2017 870 2069 agrorum
882 2001 1046 2057 Sullanorum
1062 2003 1154 2056 incerti
1169 2005 1232 2059 iuris
1250 2011 1319 2059 esset
1335 2024 1365 2060 ao
1377 2012 1466 2064 rectis·

306 2090 370 2143 sime
389 2107 405 2141 a
422 2089 554 2157 republica
571 2092 661 2156 posset
681 2088 776 2156 repeti:
794 2103 870 2155 quem
894 2087 1041 2156 scrupulum
1063 2091 1257 2155 possessoribus
1284 2093 1397 2148 Sullanis
1423 2096 1464 2149 lex

306 2174 423 2238 Servilia,
441 2190 505 2242 quae
524 2175 619 2241 optimo
636 2175 691 2226 iure
708 2174 824 2241 privatos
842 2189 900 2227 esse
918 2190 962 2227 eos
986 2189 1063 2242 agros
1086 2175 1197 2241 iuberet,
1219 2182 1302 2232 totum
1327 2181 1463 2236 adimebat.

306 2259 391 2324 Quare
408 2259 457 2312 hoe
475 2274 575 2326 quoque
598 2258 656 2310 loco
678 2261 773 2325 quanto
796 2258 970 2325 impudentior
986 2257 1079 2312 Rullus
1103 2259 1180 2312 luerit
1202 2267 1317 2330 apparet.
1349 2265 1465 2322 Comme-

308 2346 410 2420 moravi·
423 2345 487 2399 haee
504 2347 673 2414 interpretum
686 2359 772 2407 causa,
790 2345 834 2412 qui
843 2343 963 2397 Sullanos
980 2345 1097 2398 homines
1105 2348 1231 2400 metuisse
1243 2349 1341 2417 dicunt,
1359 2369 1390 2406 ne
1409 2359 1466 2408 aeta

309 2430 397 2483 Sullae
420 2430 625 2485 rescinderentur
647 2432 674 2483 in
697 2446 777 2498 esque
800 2446 828 2482 re
851 2431 927 2484 sitam
950 2431 1031 2484 fuisse
1053 2448 1125 2501 spem
1146 2436 1359 2504 proscriptorum.
1395 2440 1466 2504 Quae

307 2533 370 2586 spes
388 2520 414 2569 et
430 2517 568 2586 scmpulus
586 2518 609 2570 si
627 2521 701 2569 erant
717 2517 744 2568 in
762 2516 888 2569 Corneliis
906 2516 1020 2585 legibus,
1043 2508 1094 2571 no'n
1115 2521 1199 2574 minus
1222 2525 1327 2577 suntin
1348 2527 1466 2581 omnibus

306 2605 410 2656 omnino
421 2602 538 2670 legibus3
556 2618 615 2655 nam
632 2603 691 2655 illae
709 2617 761 2655 non
777 2603 861 2655 minus
872 2604 930 2655 iure
940 2607 1045 2672 rogatae
1063 2610 1145 2671 erant,
1161 2624 1237 2677 quam
1252 2610 1321 2664 ullae
1338 2628 1404 2680 quae
1422 2632 1467 2668 un-

308 2708 386 2760 quam
404 2690 473 2740 latae
490 2694 557 2743 sunt
576 2712 610 2728 -·
628 2690 681 2756 qni.
711 2689 756 2741 Sic
773 2690 852 2742 scribi
870 2693 897 2742 et
914 2689 1032 2743 codicum
1049 2693 1188 2746 auotoritas
1206 2698 1233 2747 et
1249 2700 1363 2751 veterum
1381 2699 1466 2768 legum

308 2778 374 2831 ratio
392 2775 472 2827 iubet.
497 2773 528 2825 ln
546 2773 639 2842 quibus
658 2787 717 2825 cum
734 2788 775 2824 res
793 2772 953 2826 diversorum
971 2788 1093 2840 generum
1114 2784 1300 2846 enumerantur,
1317 2796 1467 2851 pronomen,

308 2865 332 2918 si
351 2861 384 2915 ad
402 2861 504 2913 diversa
521 2872 617 2926 genera
634 2857 852 2910 accommodatum
870 2858 913 2921 sit,
930 2857 1009 2910 semel
1026 2859 1113 2928 utique
1129 2863 1242 2929 ponitur,
1259 2868 1289 2918 ut
1305 2867 1333 2920 in
1347 2871 1400 2924 tab.
1418 2870 1468 2923 He·

307 2948 369 3002 recl.
387 2965 409 3001 o.
426 2949 443 2999 4
462 2961 528 3012 quoe
546 2945 603 2997 loco
619 2943 728 3013 publico
746 2943 897 3013 portioneve
915 2942 1053 3012 publicae,
1071 2961 1093 2998 c.
1112 2945 1129 2999 8
1146 2951 1173 2999 et
1192 2948 1220 3000 ll
1241 2966 1307 3018 quoe
1324 2956 1468 3026 municipio

308 3033 424 3087 coloniae
437 3032 623 3102 praeferamur
634 3030 714 3110 soro,·
732 3031 772 3084 sin
784 3031 851 3083 ratio
861 3032 1029 3099 grammatica
1046 3032 1162 3087 dicerem
1179 3038 1358 3102 pronominum
1371 3041 1468 3096 formas

309 3120 429 3189 postulet,
447 3120 489 3173 sel
506 3136 553 3173 suo
572 3110 687 3188 quaeque
705 3134 746 3172 res
763 3119 914 3187 pronomine
933 3123 1046 3184 ornatur,
1064 3123 1093 3172 ut
1110 3121 1137 3173 in
1155 3122 1262 3190 plebise.
1280 3123 1313 3176 de
1330 3124 1468 3181 Thermen-

309 3194 381 3260 sibus
399 3207 445 3272 qui
461 3206 522 3274 apri
539 3221 605 3273 quoe
623 3204 681 3257 loeo
698 3203 828 3270 aedificio,
845 3203 896 3271 leg.
915 3203 992 3257 Ther.
1010 3220 1032 3259 c.
1050 3205 1085 3258 42
1103 3222 1169 3274 quoe
1186 3207 1327 3276 oectipnlr'o
1345 3227 1409 3276 quus
1427 3212 1469 3266 de·

310 3310 399 3346 carnos
417 3308 512 3360 quosve
530 3291 685 3360 scripturus,
702 3290 744 3343 rel
761 3305 904 3359 pronomen
922 3290 960 3355 ei,
983 3290 1052 3358 quod
1068 3292 1179 3360 primum
1196 3293 1309 3361 ponitur,
1326 3310 1469 3350 accommo-

311 3378 396 3443 datur,
413 3378 446 3431 ed
463 3378 561 3446 reliqua
578 3377 745 3445 intelligitur,
763 3380 792 3428 ut
808 3377 835 3429 in
854 3376 904 3446 leg.
922 3377 1000 3429 Thon.
1019 3392 1040 3430 c.
1059 3378 1075 3430 2
1093 3395 1167 3448 quern
1189 3396 1282 3448 aprum
1299 3380 1381 3433 loemn
1399 3383 1470 3436 oedi-

304 3464 407 3530 βαίνω,
424 3464 528 3532 saepius
546 3463 592 3530 qui
609 3479 672 3531 oper
690 3464 760 3515 loom
777 3464 932 3530 aedificium,
951 3465 1017 3517 edi
1035 3465 1082 3532 qui
1098 3466 1159 3534 apri
1175 3466 1227 3518 loci
1237 3467 1469 3537 possessionesque.

310 3551 366 3604 Hoc
384 3554 469 3603 autem
486 3551 542 3603 loco
563 3551 623 3618 quia
648 3550 715 3602 inter
734 3564 874 3618 pronomen
897 3554 924 3603 et
943 3551 1132 3604 substantivum
1150 3552 1273 3605 nonnulla
1295 3554 1373 3606 rerba
1393 3555 1470 3607 inter·

310 3637 378 3689 iects
404 3639 477 3700 sunt,
512 3634 594 3688 altera
619 3635 682 3688 haec
708 3636 774 3689 ratio
806 3635 882 3687 etiam
914 3636 997 3704 magis
1027 3635 1226 3691 commendatur.
1274 3638 1479 3694 Nominavimns.
1556 3622 1559 3629 ¹

311 3726 398 3775 autem
427 3720 547 3774 consules
569 3719 640 3786 (sunt
666 3722 750 3772 autem
778 3721 839 3772 anni
862 3720 896 3773 82
923 3737 946 3772 a.
968 3719 1037 3783 Chr.)
1063 3719 1090 3773 (Ι.
1108 3719 1225 3773 Marium
1250 3721 1294 3776 Co.
1320 3722 1469 3789 Carbonem,

311 3807 380 3876 qnod
405 3808 442 3860 ita
468 3806 581 3874 optimus
607 3805 689 3858 sodex
716 3810 804 3859 noster
829 3807 915 3860 habet.
959 3807 998 3860 Ac
1023 3806 1125 3860 videtur
1149 3808 1214 3860 haee
1239 3809 1386 3878 appellandi
1411 3826 1470 3864 oon-

315 3892 426 3947 ruetndo
443 3893 524 3946 luisse
541 3893 568 3945 in
585 3892 625 3944 his
642 3890 745 3960 quidem
763 3893 926 3958 oonsulibus3
947 3909 1007 3945 nam
1025 3896 1051 3945 et
1067 3891 1155 3946 Cicero
1173 3894 1229 3962 ipse
1246 3898 1285 3948 ter
1300 3897 1328 3948 in
1346 3897 1394 3950 hae
1412 3912 1469 3950 ora·

313 3981 385 4033 tione
401 3981 440 4032 ita
457 3979 573 4048 appellat
590 3982 616 4030 et
632 3977 723 4030 Vellei.
741 3978 798 4032 Pat
815 3979 848 4043 II,
866 3980 900 4033 26
917 3984 944 4033 et
962 3981 1008 4044 273
1025 3979 1091 4032 Plin.
1110 3983 1162 4032 nat.
1180 3981 1240 4035 hist.
1253 3980 1309 4046 Vll,
1327 3982 1361 4036 48
1378 3987 1405 4034 et
1420 3983 1468 4046 493

312 4063 369 4117 var
388 4065 456 4118 llax.
474 4064 531 4128 Vll,
548 4065 573 4128 6,
590 4065 615 4117 4.
651 4063 735 4128 Quare
754 4065 822 4132 quod
838 4067 930 4135 reliqui
947 4067 1003 4120 eod.
1026 4067 1122 4120 habent
1141 4065 1168 4120 C.
1186 4066 1303 4120 Marium
1323 4066 1368 4121 Cn.
1386 4068 1469 4138 Popi-

312 4154 382 4205 rr'nm
400 4155 489 4223 contra
509 4151 718 4204 consuetudinem
735 4147 911 4205 videturesse
928 4155 1003 4220 atque
1022 4154 1054 4207 ab
1071 4153 1177 4206 librario
1196 4157 1298 4219 natum,
1320 4155 1364 4224 qui
1387 4156 1469 4207 scien-

313 4239 377 4291 tiam
395 4253 467 4291 suam
486 4241 614 4291 ostentare
632 4241 743 4306 cuperet.
766 4237 846 4289 Paulo
864 4240 925 4305 post
941 4238 986 4289 ubi
1002 4243 1043 4292 est
1059 4247 1179 4305 uernum,
1197 4241 1310 4293 omnium
1327 4256 1408 4310 prope
1425 4256 1469 4294 no-

314 4328 424 4378 strornm
443 4324 561 4377 codicum
578 4323 654 4377 fidem
672 4325 754 4377 seeuti
771 4338 873 4388 sumus3
890 4339 950 4376 nam
967 4338 995 4376 se
1012 4325 1101 4393 ipsum
1115 4325 1211 4379 dudum
1223 4327 1260 4379 ait
1277 4326 1469 4396 fraudem-legis

314 4410 473 4465 intellexisse
490 4414 567 4479 atque
583 4410 611 4463 id
628 4411 695 4479 agit,
713 4414 742 4462 ut
758 4410 872 4478 quemvis
891 4409 923 4461 de
941 4409 1103 4463 multitudine
1121 4411 1189 4464 idem
1211 4414 1354 4482 intelligere
1377 4413 1469 4466 debere

314 4497 391 4551 diost

400 4585 425 4638 Ἰ.
444 4586 490 4653 qui
502 4593 564 4655 post
585 4584 702 4640 Marium
719 4590 767 4639 oet
803 4585 930 4640 Videntur
947 4584 1015 4655 ‚haee
1036 4583 1118 4653 ipsius
1135 4583 1199 4653 legis
1217 4599 1274 4637 esse
1291 4586 1381 4652 serbe,
1404 4603 1468 4655 quse

303 4671 414 4737 x(licere,
430 4675 460 4726 ut
476 4673 547 4727 Rulli
569 4668 692 4728 fraudem·
707 4672 835 4737 ostendat,
852 4670 933 4726 affert
976 4670 1072 4725 Verum
1094 4686 1145 4725 non
1161 4671 1248 4724 omnia
1264 4670 1349 4736 affert,
1375 4672 1421 4726 sed
1437 4688 1469 4725 ea
