3550 5492
937 589 1005 635 XXX

304 799 318 819 ο
391 729 489 797 tensis
515 727 763 814 reliquorumque
792 725 931 791 codicum
959 724 1076 790 librarii
1104 725 1139 789 in
1166 705 1342 792 contextum
1369 727 1473 814 ipsum
1503 747 1552 791 re-

385 845 558 928 ceperunt,
585 839 701 922 Lag.9
730 836 908 902 diversitate
943 835 1047 921 aliqua
1076 835 1246 922 scripturae
1274 838 1434 903 observata
1471 838 1553 904 omi-

391 952 441 1017 sit.
485 952 531 1016 Ao
567 949 718 1037 quaedam
749 948 842 1013 huius
869 947 1022 1034 opinionis
1056 948 1256 1033 probabilitas
1289 949 1362 1013 inde
1398 949 1552 1033 nascitur,

392 1063 474 1148 quod
503 1063 538 1126 in
572 1060 824 1147 inscriptionibus
857 1059 1032 1125 orationum
1050 1065 1090 1139 ,et
1118 1060 1191 1143 Lag.
1215 1062 1234 1124 9
1263 1080 1385 1127 omnem
1412 1060 1553 1125 verbosi·

392 1179 489 1240 tatem
510 1173 589 1257 fugit
616 1195 650 1237 ao
673 1170 853 1238 brevissime
881 1176 1097 1254 argumentum
1125 1171 1280 1254 significat
1306 1177 1336 1236 et
1357 1171 1470 1256 reliqui
1494 1172 1553 1237 eli-

393 1290 508 1368 quanto
530 1289 605 1348 sunt
626 1283 788 1367 longiores.
834 1283 910 1348 Tres
934 1282 1059 1368 quidem
1081 1283 1198 1364 codices
1219 1265 1498 1366 Lagomarsiniani,
1523 1285 1553 1362 3,

394 1396 445 1474 38,
471 1378 522 1478 39,
545 1395 641 1477 illam,
665 1395 703 1459 de
725 1416 786 1480 qua
808 1416 903 1482 supra
930 1394 1122 1480 disputatum
1143 1401 1204 1478 est,
1234 1395 1271 1461 de
1300 1393 1553 1463 emendatoribus

392 1506 650 1591 subscriptionem
669 1492 708 1570 in
731 1507 870 1591 margine
898 1506 1010 1572 codicis
1032 1505 1243 1591 antiquissimi
1265 1491 1359 1571 fuisse
1388 1510 1554 1588 annotant,

393 1639 449 1683 nec
471 1619 499 1685 si
521 1619 578 1683 hoc
592 1618 652 1682 fuit
674 1618 708 1682 in
729 1619 869 1702 margine
891 1624 1107 1705 receptumque
1122 1619 1170 1685 est
1183 1619 1222 1684 ab
1244 1617 1284 1682 iis
1306 1617 1360 1703 qui
1382 1617 1553 1703 descripse-

392 1736 467 1794 runt
488 1729 633 1811 librariis,
656 1750 676 1793 a
696 1729 901 1795 similitudine
923 1730 1167 1810 veri-abhorret,
1196 1729 1292 1795 etiam
1318 1728 1380 1794 alia
1401 1734 1432 1793 et
1454 1728 1553 1794 fuisse

393 1841 428 1905 in
449 1840 588 1923 margine
611 1845 641 1905 et
655 1840 694 1905 ab
715 1840 850 1906 librariis
872 1841 907 1907 in
923 1819 1072 1907 'contextu
1086 1861 1152 1906 esse
1166 1840 1305 1926 repetita.
1337 1841 1554 1907 Veruntamen

393 1951 580 2017 confusionis
603 1950 686 2034 origo
708 1952 767 2017 etsi
789 1952 827 2017 ab
849 1973 947 2038 prava
967 1952 1080 2018 codicis
1102 1951 1251 2036 Poggiani
1273 1950 1476 2037 explicatione
1498 1953 1554 2046 do·

394 2063 527 2145 ducitur,
549 2083 642 2147 quem
663 2063 802 2149 ipsarum
816 2069 960 2129 notarum
975 2070 1130 2130 auctorem
1152 2084 1218 2130 esse
1232 2061 1431 2148 putabimus?
1461 2061 1553 2129 Certe

392 2196 457 2240 non
478 2195 559 2256 eum,
583 2173 723 2258 quisquis
745 2175 866 2240 saeculo
885 2175 916 2239 X
929 2175 1122 2259 Poggianum
1143 2173 1318 2260 exemplum
1340 2173 1554 2260 scripsitque

394 2291 493 2351 aetate
516 2306 606 2351 nemo
628 2292 694 2351 erat
714 2286 763 2352 vir
785 2287 902 2369 doctus,
924 2287 979 2372 qui
1000 2286 1055 2353 illa
1069 2276 1179 2353 Latine
1201 2286 1356 2369 scriberet,
1379 2285 1434 2371 qui
1454 2285 1554 2372 Pupi·

393 2397 479 2462 niam
500 2398 618 2463 tribum
640 2405 753 2480 nosset,
777 2398 831 2483 qui
852 2419 915 2464 non
936 2398 1026 2463 facile
1048 2404 1221 2484 temporum
1242 2417 1368 2463 suorum
1389 2396 1553 2479 ingenium

392 2509 542 2593 proderet.
577 2491 632 2579 ,Ne
654 2509 762 2593 quinto
784 2509 910 2594 quidem
931 2518 986 2576 aut
1007 2517 1116 2596 quarto
1137 2509 1258 2577 saeculo
1279 2509 1354 2574 haec
1376 2508 1551 2592 tribuerim,

391 2620 446 2685 sed
468 2619 643 2704 antiquiora
668 2641 735 2686 esse
763 2621 984 2705 existimarim,
1012 2643 1048 2687 ao
1074 2622 1140 2686 sint
1159 2622 1317 2709 fortasse,
1332 2620 1386 2706 qui
1414 2619 1451 2685 ab
1485 2619 1553 2705 ipso

394 2730 693 2815 StatilioMaximo,
723 2753 815 2817 quem
844 2734 1022 2799 emendasse
1049 2733 1106 2800 has
1128 2733 1279 2799 orationes
1308 2736 1427 2799 constat
1454 2751 1491 2796 ac
1514 2731 1552 2795 de

394 2824 539 2907 Cicerone
560 2842 677 2909 librum
697 2844 868 2930 scripsisse,
891 2846 1056 2933 repetenda
1077 2867 1144 2912 esse
1165 2850 1285 2932 putent.
1328 2844 1395 2936 Nos.
1414 2841 1552 2928 quidem,

392 2961 430 3019 ut
450 2954 531 3019 nihil
561 2955 636 3020 certi
666 2977 686 3020 a
706 2977 861 3043 quoquam
887 2958 989 3023 afferri
1015 2979 1105 3044 posse
1126 2958 1284 3039 videmus,
1314 2951 1367 3021 ita
1384 2953 1570 3048 nibil-ipsi

393 3067 549 3132 affirmare
570 3067 738 3134 malumus.
778 3147 781 3154 Ι
1165 3127 1171 3138 .

481 3179 628 3264 Optimus.
650 3179 747 3270 igitur
768 3181 862 3245 codex
890 3187 938 3247 est
958 3180 1012 3246 ille
1040 3169 1132 3265 qu'em
1153 3179 1361 3262 Hieronymus
1383 3176 1553 3257 Lagomar·

393 3290 492 3356 sinius
514 3311 631 3356 nonum
645 3291 823 3378 appellauit,
846 3313 906 3376 quo
929 3291 1034 3356 eodem
1056 3292 1132 3356 duce
1153 3291 1188 3355 in
1203 3289 1338 3355 oratione
1352 3307 1407 3373 pro
1418 3286 1553 3354 Murena

395 3401 587 3489 emendanda
607 3401 658 3467 usi
683 3423 799 3469 sumus.
843 3403 973 3468 Praeter·
996 3423 1068 3467 eum
1095 3401 1178 3466 idem
1198 3399 1448 3485 Lagomarsinius
1476 3421 1552 3466 oon·

393 3513 598 3587 tulitdeoem
619 3513 758 3596 Italicos,
785 3513 835 3578 his
862 3512 999 3592 numeris
1033 3517 1172 3594 notatos,
1189 3497 1220 3595 1,
1241 3513 1275 3591 3,
1299 3514 1329 3594 7,
1352 3512 1391 3593 8,
1416 3511 1472 3594 13,
1498 3513 1552 3596 20,

393 3625 450 3708 24,
472 3626 528 3707 26,
551 3625 608 3707 38,
631 3624 688 3706 39,
723 3645 761 3688 ex
789 3624 900 3709 quibus
929 3625 1029 3689 38et
1057 3624 1097 3688 39
1126 3645 1203 3689 num
1232 3623 1432 3689 bibliothecae
1460 3621 1546 3688 Lau-

366 3736 552 3801 ·rentianae
581 3734 695 3817 luerint
722 3715 897 3817 nescimus,
924 3733 1036 3819 reliqui
1064 3734 1120 3818 qui
1151 3733 1218 3800 sint
1243 3733 1378 3802 diximus
1404 3733 1439 3797 in
1466 3754 1553 3820 com-

394 3847 544 3911 mentario
572 3845 722 3930 isagogioo
751 3845 790 3911 ad
812 3845 875 3911 Cio.
898 3867 929 3931 p.
953 3846 1032 3911 Mur.
1054 3842 1203 3930 pXLV,
1259 3845 1324 3909 Has
1350 3821 1453 3930 copias
1475 3844 1552 3910 dili-

394 3957 582 4042 gentissime,
606 3978 645 4021 ne
666 3956 771 4042 parvis
786 3956 911 4041 quidem
926 3957 1079 4022 erroribus
1093 3945 1328 4042 praetermissis,
1344 3956 1379 4019 in
1393 3975 1552 4021 commen-

394 4068 472 4134 tario
495 4067 599 4133 critico
621 4067 818 4160 exhibuimus
845 4067 997 4150 integras,
1025 4089 1125 4153 neque
1153 4068 1237 4133 enim
1262 4066 1351 4133 aliter
1373 4067 1411 4131 de
1432 4066 1552 4134 uirtute

394 4178 533 4245 codicum
555 4198 650 4263 eaque
672 4199 766 4263 quam
788 4178 986 4263 exposuimus
1007 4178 1125 4244 ratione
1146 4179 1277 4246 iudicari
1298 4178 1418 4264 poterit.
1447 4179 1552 4272 ‚Reli-

395 4290 525 4376 quoium
547 4289 687 4356 codicum
707 4295 854 4376 perpetuo
875 4290 1055 4357 collatomm
1072 4290 1279 4375 cognitionem
1293 4290 1423 4355 adiicere
1445 4289 1551 4356 nolui·

394 4420 475 4467 mus.
519 4400 599 4466 Nam
619 4401 807 4466 Eriurtensis
835 4409 868 4468 et
892 4423 1008 4490 paucae
1030 4393 1156 4468 omnino
1183 4409 1258 4470 sunt
1285 4401 1445 4484 lectiones,
1468 4422 1551 4487 quae

395 4513 492 4579 bonae
515 4533 581 4578 esse
601 4513 776 4596 videantur,
797 4520 829 4580 et
849 4515 969 4582 collatio
992 4520 1030 4580 ab
1044 4516 1101 4581 Ed.
1116 4515 1275 4582 Wundero
1298 4513 1432 4600 (Lipsiae
1450 4515 1550 4600 1827)

395 4623 479 4696 edita
499 4623 691 4712 repetitaque
705 4623 740 4689 in
753 4624 931 4709 Baiteriana
945 4622 1077 4694 editione
1091 4627 1179 4693 facile
1194 4625 1336 4693 omuibus
1351 4625 1384 4689 iu
1401 4632 1550 4711 promptu
