3550 5492
766 529 914 647 3-'184
958 591 998 602 -

306 719 342 770 id.
362 719 403 783 90,
422 719 463 773 38.
480 746 513 755 -
531 717 604 782 166]
622 719 735 771 Ianuar.
754 719 795 771 94.
813 745 847 755 -
872 715 960 783 uliud]
979 715 1091 784 aliquod
1109 720 1125 773 3
1143 734 1216 782 corr,
1235 717 1341 784 aliquid
1359 719 1401 784 90,
1415 721 1446 784 96,

306 801 501 867 38,39;111661
519 804 560 856 94.
578 830 612 841 -
633 801 771 870 66966666
790 803 814 865 3,
833 803 857 866 7,
876 803 900 867 8,
920 805 965 868 13,
983 804 1030 867 94,
1049 804 1094 868 38,
1113 818 1181 872 6696
1200 819 1257 854 cum
1276 803 1317 857 90.
1341 831 1374 843 -
1396 821 1447 873 pro·

309 887 422 937 uintiam
442 888 465 941 l.
484 916 516 926 -
534 887 573 938 sic
585 888 638 953 me]
656 886 755 938 siccine
766 887 790 940 9.
809 915 842 925 —
860 889 968 955 perum]
986 886 1092 956 piernm
1110 889 1152 942 39.
1170 916 1203 925 -
1217 887 1315 956 populi
1331 888 1449 954 Romam]

303 969 434 1041 populum
452 989 475 1023 r.
495 973 524 1036 9;
540 988 567 1040 p.
587 990 608 1024 r.
631 973 653 1036 1,
671 973 696 1034 1,
715 972 739 1037 8,
759 973 799 1037 13,
818 972 858 1037 90,
878 973 919 1036 94,
938 973 980 1036 96,
998 974 1043 1037 39,
1065 970 1165 1042 populo
1183 973 1307 1025 Romano
1325 975 1351 1040 3,
1369 975 1409 1029 38.
1424 1004 1450 1013 -

306 1056 449 1123 tribunum]
469 1064 504 1109 tr.
520 1059 544 1121 9,
562 1057 604 1122 90,
623 1058 663 1110 94.
682 1086 715 1094 -
734 1055 877 1121 cohercere
898 1059 927 1123 7,
947 1058 976 1120 8,
996 1058 1019 1122 9,
1038 1059 1078 1111 94.
1101 1087 1134 1097 -
1157 1065 1346 1127 contempnere
1366 1061 1405 1113 90.
1424 1089 1451 1098 -

307 1143 466 1195 inmortales
484 1145 508 1195 7.
527 1173 561 1182 -
580 1143 692 1210 tribuni]
711 1143 771 1196 trib.
791 1145 832 1198 39.
851 1172 884 1182 -
904 1143 1010 1197 deserte
1028 1145 1045 1199 3
1064 1160 1128 1199 corr.
1151 1173 1185 1184 -
1209 1143 1281 1210 illos]
1307 1160 1353 1196 eos
1375 1162 1452 1200 amnes

306 1234 409 1298 praeter
426 1231 449 1294 9,
468 1230 514 1282 sed
533 1230 566 1284 90
585 1248 617 1284 m.
635 1248 661 1300 p.
681 1247 735 1287 uos.
757 1261 791 1269 -
814 1230 879 1296 nisi]
898 1247 951 1281 non
971 1233 994 1284 1.
1017 1261 1050 1270 -
1069 1230 1226 1301 perspicitis
1245 1233 1273 1297 9,
1293 1233 1339 1296 90,
1358 1234 1403 1297 96,
1419 1234 1453 1296 38,

306 1313 347 1366 39.
366 1342 399 1353 -
419 1328 555 1366 comunem
573 1319 598 1368 61
617 1315 720 1366 6666661
738 1317 761 1370 7.
781 1344 814 1353 —
832 1313 973 1383 rempubl]
992 1331 1049 1367 rem
1068 1317 1109 1371 90.
1128 1344 1160 1355 -
1184 1316 1289 1368 occulta
1307 1334 1357 1372 om.
1376 1319 1415 1372 94.
1426 1347 1453 1356 -

306 1397 389 1449 multa
409 1398 906 1466 61166661,1,8,13,94,316,6.
934 1428 968 1439 -
991 1399 1146 1470 pernitiosa
1171 1402 1226 1464 cod.
1249 1406 1352 1475 praeter
1370 1403 1410 1457 38.
1426 1431 1454 1440 -

306 1492 452 1536 extremum
471 1488 495 1551 1,
514 1487 530 1539 3
549 1503 622 1551 corr,
641 1489 665 1552 7,
684 1489 708 1552 8,
728 1489 768 1552 13,
787 1488 827 1552 90,
850 1489 891 1553 94,
910 1488 952 1552 96,
970 1488 1012 1552 38,
1030 1488 1062 1542 39
1081 1504 1145 1542 corr.
1164 1517 1197 1526 -
1206 1472 1383 1556 peitime'nda
1401 1490 1423 1553 1,
1434 1489 1454 1541 7.

394 1571 436 1625 97.
456 1571 578 1622 dicentur
597 1573 621 1626 9.
640 1603 673 1612 -
692 1571 816 1623 diorntur
834 1588 852 1621 a
870 1587 912 1624 me
930 1589 1016 1627 omncs
1031 1577 1132 1641 praeter
1150 1574 1173 1627 9.
1193 1604 1226 1613 -
1244 1572 1352 1629 deliciis
1370 1576 1399 1639 9,
1416 1575 1454 1626 de·

309 1656 377 1708 lictis
388 1659 486 1726 reliqui.
505 1691 539 1699 -
556 1660 621 1724 non]
641 1666 665 1711 et
679 1658 720 1713 13.
737 1691 771 1699 -
789 1659 953 1710 contionibus
972 1661 995 1726 l,
1013 1661 1030 1714 3
1048 1676 1112 1713 corr.
1131 1688 1164 1698 -
1182 1662 1242 1728 spe]
1259 1659 1352 1728 specie
1370 1660 1411 1724 99,
1427 1660 1455 1712 96

308 1759 382 1808 corr,
392 1745 434 1809 38,
446 1744 487 1798 39.
502 1775 536 1784 -
553 1759 595 1795 me
608 1742 706 1794 lrabeat
719 1743 805 1813 ipsum
825 1746 868 1809 13,
886 1742 984 1794 habeat
999 1744 1086 1812 ipsum
1103 1760 1144 1794 me
1158 1745 1186 1808 9;
1204 1743 1303 1795 iubeat
1315 1760 1359 1796 me
1377 1744 1455 1813 ipsum

305 1830 404 1899 reliqui.
422 1862 456 1870 -
481 1832 569 1898 quem]
589 1830 715 1897 quoniam
734 1833 757 1884 9.
781 1863 814 1872 -
837 1832 975 1899 equaestri
995 1832 1033 1886 13.
1061 1862 1095 1870 -
1114 1824 1240 1897 sacilime
1261 1830 1290 1894 l,
1309 1830 1352 1894 90,
1370 1829 1411 1884 38.
1428 1861 1456 1870 -

306 1929 442 1966 comunem
461 1919 484 1970 7.
503 1949 536 1958 —
551 1911 692 1986 perfitiam
712 1920 735 1971 1.
753 1951 786 1959 -
806 1919 920 1970 eandem
938 1921 962 1972 7.
981 1949 1014 1958 -
1032 1918 1062 1971 In
1080 1918 1162 1971 exitu:
1179 1916 1242 1982 finis
1261 1917 1285 1980 8,
1305 1916 1352 1980 94,
1371 1916 1410 1968 Μ.
1430 1915 1454 1966 Τ.

307 1999 445 2052 Ciceronis
463 2002 563 2057 insen.
581 2001 626 2055 Kl.
645 2002 705 2056 Ian.
731 2002 765 2054 de
784 2003 902 2071 6966νὶ6
926 2002 985 2071 1696
1010 2009 1104 2052 cantra
1122 2002 1150 2054 P.
1170 2000 1279 2054 Rullum
1298 1999 1367 2051 liber
1385 2001 1456 2052 Iec-

304 2083 382 2152 plicit
402 2085 447 2151 96,
476 2087 515 2139 Μ.
537 2085 617 2138 Tullii
637 2085 775 2138 Ciceronis
797 2087 827 2137 in
844 2094 940 2138 senatu
957 2086 1001 2141 Kl.
1020 2087 1079 2138 Ian.
1100 2086 1133 2136 de
1152 2087 1270 2154 aqrario
1290 2085 1349 2154 1696
1368 2092 1456 2136 eontra

305 2167 415 2219 Rullum
430 2168 498 2220 liber
507 2169 613 2238 primus
626 2169 734 2238 enplieit
747 2173 795 2237 38,
813 2171 853 2222 Μ.
867 2170 939 2223 Tulli
952 2169 1088 2224 Ciceronis
1100 2169 1142 2223 ΚΖ.
1156 2170 1285 2222 innueris
1299 2171 1333 2223 de
1347 2170 1457 2241 aproria

308 2253 483 2324 leqecontra
503 2254 612 2307 Rullum
631 2254 699 2307 liber
712 2256 819 2324 primus
837 2257 945 2327 explicit
955 2260 995 2313 39.

714 2393 866 2459 ORATIO
890 2394 1054 2460 ALTERA

306 2515 349 2566 M.
371 2513 401 2568 Τ.
421 2511 447 2567 0.
466 2513 500 2564 de
519 2513 578 2582 1696
602 2509 719 2583 apiaria
743 2519 839 2565 contra
858 2513 888 2567 P.
908 2513 1051 2566 Servilium
1070 2522 1104 2569 tr.
1119 2515 1158 2583 pl.
1178 2503 1250 2566 liber
1267 2507 1401 2568 secundus
1421 2517 1456 2566 in-

307 2599 374 2666 cipit
393 2600 416 2664 l,
434 2598 464 2664 8,
485 2601 548 2652 item
565 2600 582 2652 3
599 2602 653 2654 nisi·
668 2583 784 2669 quodl‘.
803 2598 913 2659 Rullum
930 2602 1023 2666 habet;
1043 2602 1075 2652 de
1101 2600 1158 2670 1696
1183 2602 1301 2670 apiario
1319 2610 1414 2654 cantra
1430 2602 1457 2654 P.

307 2683 450 2736 Seruilium
467 2683 577 2736 Rullum
595 2688 624 2751 73
644 2693 738 2736 cantra
757 2686 842 2755 169666
861 2686 1006 2755 caprariam
1024 2688 1061 2741 II.
1081 2689 1110 2753 9,
1127 2690 1182 2742 sine
1200 2689 1276 2742 titulo
1297 2688 1338 2754 13,
1357 2691 1404 2754 90,
1422 2689 1457 2741 M.

309 2773 337 2824 T.
357 2770 385 2826 0.
405 2771 439 2821 de
457 2771 516 2840 1696
535 2772 653 2840 6966616
672 2772 761 2839 aratia
779 2773 816 2825 II.
836 2772 930 2841 incipit
950 2775 996 2836 94,
1020 2771 1114 2840 incipit
1133 2773 1169 2828 11.
1189 2775 1234 2839 96,
1259 2774 1356 2842 incipit
1374 2790 1458 2826 secun-

307 2857 357 2909 dus
365 2855 492 2925 feliciter
510 2859 556 2924 38,
574 2857 669 2927 incipit
688 2858 820 2910 secundus
838 2857 879 2911 39.
909 2857 939 2910 Iu
957 2859 1070 2926 margine
1081 2846 1140 2922 1‚'3‚
1159 2857 1299 2923 8,13,96,
1317 2859 1351 2912 39
1370 2860 1459 2912 habent

305 2945 379 2999 haec:
398 2946 432 2996 In
449 2944 600 3013 exemplari
618 2945 792 2998 vetustissimo
810 2945 859 2997 166
876 2950 938 2995 erat
956 2943 985 2992 in
1002 2942 1126 3011 marpine
1145 2944 1217 3008 (haec
1236 2945 1330 2998 desunt
1346 2945 1375 2997 iu
1393 2945 1421 3009 l,
1437 2943 1460 3008 8,

307 3029 350 3094 13,
366 3031 409 3095 96)
427 3031 580 3087 Emendavi
598 3031 637 3082 ad
657 3032 791 3098 Tyronem
809 3034 849 3097 (1,
866 3031 883 3084 8
905 3029 1043 3096 (lironem)
1062 3037 1088 3080 et
1105 3029 1306 3083 Lactanianum
1324 3031 1457 3096 (1616616-

306 3132 368 3167 num
386 3117 409 3182 l,
428 3117 453 3182 8,
472 3118 518 3182 13,
540 3117 758 3169 Laeccanianum
776 3118 828 3183 39).
868 3118 938 3169 Acta
962 3116 1021 3183 ipso
1047 3115 1175 3168 Cicerone
1198 3123 1223 3167 et
1241 3117 1361 3168 Antinio
1380 3133 1459 3170 corus.

305 3203 368 3265 (aas.
388 3203 412 3265 l,
430 3203 460 3267 8,
478 3202 546 3252 66661
564 3202 607 3267 39)
620 3201 722 3255 vOratio
742 3202 866 3255 XXIIII.
907 3203 941 3253 In
959 3199 1080 3269 exempla
1098 3200 1259 3270 (exemplari
1279 3204 1302 3266 1,
1320 3203 1346 3267 8,
1366 3202 1408 3268 13)
1424 3201 1460 3252 616

297 3281 358 3352 fuit
375 3283 501 3335 Statilius
514 3285 654 3348 (Stabilius
673 3288 716 3352 13)
737 3286 874 3339 Maximus
887 3298 1006 3338 'rursum
1021 3286 1160 3339 emendavi
1178 3286 1217 3339 ad
1237 3286 1372 3352 Tyronem
1389 3287 1460 3352 (tiro-

306 3383 367 3420 nem
384 3370 429 3437 39)
448 3377 473 3420 et
491 3371 690 3422 Lactanianum
711 3372 903 3438 (Letanianum
924 3373 947 3436 1,
961 3371 987 3437 8,
1002 3371 1052 3438 ν13,
1070 3370 1289 3423 Laeccanianum
1306 3371 1352 3438 39)
1366 3379 1391 3424 et
1403 3359 1460 3424 dom

306 3459 332 3505 et
350 3453 420 3506 alios
436 3461 540 3506 ueteres
557 3455 609 3509 III.
628 3442 630 3446 ’
646 3455 744 3507 Oratio
762 3455 868 3510 eximia.
903 3449 906 3453 ’

392 3544 406 3608 ξ
426 3544 448 3595 l.
463 3541 582 3611 positum
600 3541 719 3602 Quirites
736 3559 786 3596 om.
805 3542 846 3607 90,
859 3543 901 3596 38,
920 3573 953 3581 -
970 3541 1144 3609 166111616966
1162 3544 1196 3597 90
1214 3560 1278 3596 corr.
1298 3574 1332 3584 -
1350 3542 1377 3594 lii
1395 3545 1425 3608 9;
1442 3542 1461 3594 ii

195 3626 200 3633 '
307 3626 411 3695 reliqui.
429 3658 462 3667 -
481 3624 562 3694 benis.
581 3629 613 3682 39
632 3632 658 3681 et
675 3627 713 3681 sic
730 3642 838 3696 semper.
856 3659 890 3667 -
906 3627 1022 3694 primum
1041 3630 1064 3682 9.
1088 3659 1122 3668 —
1141 3628 1292 3680 orationem
1310 3631 1326 3684 3
1346 3646 1421 3696 corr,
1439 3631 1461 3694 9,

306 3713 348 3777 90,
366 3714 407 3778 96,
425 3715 467 3779 38,
485 3715 528 3776 39,
548 3714 638 3783 reliqui
662 3711 820 3767 contionem.
844 3747 877 3755 -
902 3714 1051 3770 16661667,
1070 3715 1228 3767 -ratione
1247 3717 1272 3780 9,
1291 3717 1338 3782 9οζ,
1357 3719 1404 3783 96,
1421 3716 1461 3780 38,

305 3798 348 3852 39.
366 3828 400 3837 -
417 3797 546 3848 66666116
565 3799 599 3865 90
616 3813 681 3851 corr.
700 3828 733 3837 -
753 3795 881 3866 debitum]
901 3800 1010 3852 oblitum
1025 3803 1048 3854 7.
1068 3834 1101 3842 -
1117 3800 1266 3853 solueretur
1284 3789 1379 3867 omsl,
1397 3804 1422 3866 7,
1440 3803 1462 3858 8.

308 3884 348 3948 13,
367 3884 407 3937 94.
426 3915 459 3923 -
478 3883 597 3950 quidem]
616 3897 667 3948 que
687 3884 715 3946 l,
734 3884 763 3949 7,
783 3886 814 3950 8,
833 3886 874 3951 13,
893 3887 934 3938 94.
959 3917 994 3926 -
1020 3901 1074 3936 666
1093 3901 1144 3950 966
1163 3886 1226 3950 666]
1245 3900 1308 3935 nam
1326 3885 1400 3952 quod
1418 3886 1462 3949 94,

306 3983 359 4018 666
378 3967 514 4034 96661666
533 3969 556 4030 1,
574 3969 590 4021 3
608 3984 641 4020 ex
659 3983 732 4033 corr,
751 3970 775 4032 7,
787 3970 811 4033 8,
831 3969 869 4023 13.
888 3969 1048 4042 -fuerunt
1067 3971 1102 4025 90
1119 3987 1182 4025 corr.
1201 3998 1234 4007 —
1252 3986 1296 4020 vos
1317 3971 1462 4037 1,“1,8,13,

307 4055 348 4106 94.
371 4084 404 4094 -
427 4053 559 4121 sanquine
577 4050 723 4122 discipulos
740 4052 837 4124 videtis
854 4055 997 4120 institutos,
1015 4057 1064 4107 sed
1082 4057 1110 4122 9,
1128 4055 1260 4124 sanquine
1278 4055 1335 4119 (sed
1353 4056 1461 4124 sanqui-

307 4154 368 4190 nem
380 4141 424 4205 94)
442 4137 548 4189 creat'as
567 4137 768 4207 disciplinisque
781 4139 915 4191 institutos
933 4138 1028 4191 videtis
1045 4140 1094 4191 sed
1111 4141 1202 4209 reliqui
1220 4140 1275 4193 eod.
1285 4170 1319 4178 -
1333 4137 1411 4190 laudi
1421 4139 1469 4195 96.Ι

394 4217 540 4287 91116666]
559 4221 751 4278 6116639666.
770 4257 803 4265 -
822 4227 986 4290 6666666166]
1006 4241 1063 4276 cum
1080 4233 1183 4277 secutus
1202 4227 1242 4278 94.
1261 4256 1295 4264 -
1314 4240 1462 4276 conmemo-

308 4324 374 4359 rare
394 4310 436 4372 39,
455 4302 482 4362 it
499 4326 600 4378 semper
617 4341 651 4350 -—
667 4311 750 4363 silore
768 4309 801 4366 96
819 4329 884 4366 corr.
908 4344 941 4352 -
964 4311 1093 4375 benefitiis
1113 4313 1143 4378 1,
1166 4309 1361 4378 1661139-
1385 4309 1462 4361 66111-
1487 4320 1489 4325 ’

309 4393 386 4445 tetur
404 4396 420 4447 7
438 4410 502 4449 corr.
521 4425 558 4435 -«
573 4397 741 4466 accoeperim
761 4399 793 4452 13
799 4420 806 4464 ;
824 4395 978 4464 acceperim
991 4397 1031 4449 94,
1050 4426 1082 4435 -
1100 4413 1201 4447 summo
1220 4401 1308 4446 cestro
1327 4393 1461 4468 ionorel.

307 4509 341 4518 -
358 4477 409 4528 sim
425 4483 528 4549 praeter
545 4482 560 4534 9
579 4498 666 4536 omnes
685 4483 741 4537 cod.
760 4486 818 4552 post
835 4478 935 4553 iudicia
952 4483 1053 4537 habeut.
1073 4514 1106 4523 -
1128 4481 1185 4555 ipse
1204 4480 1220 4534 3
1238 4499 1270 4534 m.
1289 4499 1310 4541 s,
1330 4483 1410 4539 addit.
1429 4512 1460 4524 -

309 4563 402 4623 eadem
419 4564 444 4624 3.
