3550 5492
667 588 923 675 .-31-

188 765 195 773 ·
232 772 278 834 ex,
302 748 392 816 novis
424 750 602 816 hominibus
634 752 770 836 primum
798 772 847 814 me
882 751 992 815 multis
1022 752 1206 834 posthabitis
1239 735 1395 834 atleeistis,

233 853 318 939 quod
340 855 442 939 prima
462 855 621 940 petitione,
644 855 726 939 quod
747 874 829 917 anno
843 874 921 936 meo,
945 854 1000 917 sed
1020 860 1125 918 tamen
1146 855 1395 949 magnificentius

234 964 330 1042 atque
351 956 491 1022 ornatius
513 976 581 1021 esso
595 954 649 1020 illo
670 955 751 1019 nihil
772 961 883 1039 potest,
907 955 996 1039 quod·
1009 955 1087 1021 meis
1110 957 1243 1022 comitiis
1264 977 1327 1022 non
1348 962 1395 1022 ta·

234 1062 352 1127 bellam
373 1061 530 1143 vindicem
552 1061 665 1152 tacitae
686 1059 855 1139 libertatis,
884 1059 938 1122 sod
960 1077 1064 1122 vocem
1091 1080 1186 1123 unam
1214 1081 1286 1144 prae
1308 1061 1395 1126 vobis

232 1165 372 1229 indieem
399 1169 573 1229 uestrarum
601 1184 673 1247 erga
700 1185 749 1228 mo
777 1164 973 1229 voluntatum
1001 1184 1036 1228 ae
1067 1164 1241 1228 studiorum
1267 1165 1395 1230 tulistis.

233 1269 344 1353 ltaque
366 1287 416 1332 me
438 1287 499 1331 non
521 1273 657 1331 extrema
682 1268 913 1351 suffragiorum,
937 1267 991 1331 sed
1012 1260 1106 1352 primi
1131 1266 1180 1330 illi
1207 1267 1302 1331 vestri
1324 1289 1395 1332 eon-

234 1392 360 1452 cursus,
383 1391 483 1454 neque
498 1370 640 1453 singulae
654 1390 742 1434 voees
764 1392 959 1461 praeconum,
983 1372 1038 1436 sed
1060 1391 1123 1436 una
1137 1391 1209 1436 voeo
1231 1370 1396 1437 universus

233 1475 370 1562 populus
398 1476 557 1540 Romanus
585 1474 744 1539 eonsulom
772 1475 948 1541 declaravit.
998 1475 1063 1539 Hoc
1091 1495 1145 1556 ego
1172 1480 1237 1537 tam
1263 1474 1421 1556 insignat

323 1655 344 1720 ⁴⁵.
357 1657 429 1698 melite
437 1660 488 1706 port
500 1658 564 1698 anaia
577 1659 688 1706 affecistis.
710 1677 734 1687 -
755 1668 824 1699 rocem
841 1659 910 1699 airam
925 1667 983 1706 prae
995 1657 1059 1697 eoois.
1079 1676 1104 1687 -
1124 1659 1220 1696 extrema
1233 1657 1301 1696 tribas
1314 1657 1396 1706 suffra·

233 1723 329 1772 eom

235 1859 288 1905 tur.
330 1849 383 1904 Sed
404 1850 473 1920 quod
494 1851 560 1904 miro
582 1867 665 1921 prope
688 1854 800 1907 omnium
822 1854 990 1924 interpretum
1014 1869 1140 1909 consensu
1163 1853 1287 1906 edebatur
1309 1870 1396 1907 aereae

235 1940 335 2002 vivata,
352 1939 415 1991 ferri
432 1954 484 1992 non
502 1955 580 2007 posse
598 1941 679 1994 uideo.
716 1941 773 1994 Non
792 1957 960 1995 commemoro
982 1943 1009 1993 in
1025 1939 1144 1993 omnibus
1163 1940 1218 1993 eod.
1236 1956 1293 1993 esse
1310 1957 1397 1993 eorem

234 2043 329 2090 aaam3
347 2027 471 2096 quantula
488 2028 557 2080 enim
575 2032 614 2081 est
630 2030 737 2082 mutatio
757 2047 786 2082 ae
804 2046 881 2099 quam
893 2029 976 2081 facilis
994 2027 1043 2080 fuit
1059 2026 1223 2079 librariorum
1240 2041 1318 2079 error.
1345 2026 1398 2079 Sed

234 2113 325 2164 aivam
341 2128 429 2166 vocem
447 2114 479 2166 ab
498 2112 619 2168 Cicerone
637 2129 688 2168 noa
711 2131 769 2168 esse
793 2115 949 2184 appellatam
969 2118 1043 2168 retus
1061 2110 1101 2165 eit
1118 2129 1147 2165 ao
1165 2128 1225 2165 vera
1243 2112 1397 2166 Vauassoris

234 2197 391 2251 observatio.
415 2196 541 2252 Graecum
558 2202 613 2250 erat
624 2200 787 2266 proverbium
798 2200 882 2272 ζώσης
900 2205 989 2272 φωνῆς
1001 2200 1148 2268 Graeceque
1166 2199 1253 2268 posuit
1264 2198 1352 2252 (licere
1370 2199 1397 2250 in

234 2283 347 2352 epistola
356 2282 389 2336 ad
397 2281 451 2336 Aa.
461 2283 493 2348 Η,
505 2283 545 2347 12,
554 2283 583 2347 ἲς
601 2284 691 2337 Latine
701 2286 836 2353 expressit,
846 2286 892 2338 sed
902 2283 1050 2352 significans
1059 2284 1222 2352 prouerbium
1240 2298 1297 2336 esse
1310 2282 1397 2347 Quint.

233 2369 266 2434 ll,
280 2368 307 2433 2,
325 2369 343 2423 8
360 2369 422 2422 aiva
439 2369 501 2433 illa·
513 2376 542 2420 at
559 2369 664 2434 dieitur,
682 2386 733 2423 eoa
751 2371 800 2423 alit
814 2372 926 2440 plenius,
943 2371 1054 2439 itemque
1071 2369 1137 2422 Plin.
1155 2369 1192 2434 11,
1210 2368 1234 2433 3,
1252 2369 1282 2434 93
1301 2369 1399 2422 Seneca

208 2507 211 2512 .
234 2455 338 2508 demum
355 2470 396 2524 ep.
414 2453 509 2507 timed.
522 2458 548 2507 et
559 2453 593 2508 33
611 2459 676 2509 extr.
693 2457 780 2509 au'vaau
797 2474 885 2510 vocem
903 2459 958 2510 sine
976 2457 1112 2510 verborum
1131 2457 1296 2509 excusatione
1314 2456 1398 2509 dieere

234 2557 287 2594 non
305 2540 441 2596 dubitauit
477 2541 561 2605 Quare
579 2542 606 2595 in
622 2542 688 2595 hune
705 2544 798 2608 locum,
815 2544 884 2612 quod
903 2545 935 2596 ab
953 2542 1119 2596 Ciceroniana
1134 2559 1186 2594 usu
1204 2542 1348 2607 abhorreat,
1367 2542 1398 2595 de

235 2627 385 2682 coniectura
400 2626 496 2680 inferre
513 2641 566 2681 non
583 2626 741 2700 debebimus.
776 2630 814 2683 Ae
832 2635 900 2684 reete
918 2630 1010 2683 dieitur
1027 2646 1078 2682 oea
1096 2646 1158 2694 arae,
1176 2646 1241 2697 quae
1259 2629 1328 2698 quod
1345 2637 1399 2682 aaa

236 2716 285 2776 est,
302 2711 394 2781 populi
410 2712 523 2766 studium
544 2714 572 2765 in
590 2712 738 2767 Ciceronem
761 2715 871 2777 indicat3
895 2716 918 2766 si
940 2714 1042 2767 diversa
1064 2717 1145 2777 esset,
1167 2713 1325 2771 voluntatem
1347 2730 1398 2767 non

235 2798 323 2850 minus
331 2795 497 2865 signiticaret,
506 2797 552 2850 sed
561 2795 690 2851 Ciceronis
700 2801 768 2850 oerte
778 2800 900 2870 minorem
911 2800 1195 2866 gratiam-extremo
1205 2797 1397 2867 srffrapioraaa.
1448 2846 1451 2852 .

234 2881 368 2935 Edebatur
390 2881 451 2934 olim
477 2890 591 2937 extrema
618 2882 699 2935 mitras
726 2883 912 2954 aarjfaepioruaa
935 2889 1010 2952 atque
1030 2886 1069 2936 ita
1092 2886 1181 2937 estin
1204 2885 1323 2937 omnibus
1342 2885 1399 2938 eod.

235 2983 285 3021 ms.
309 2972 412 3038 praeter
428 2962 490 3038 Lag.
510 2972 540 3034 o,
563 2973 590 3024 in
613 2986 663 3040 quo
686 2987 733 3039 pro
756 2971 855 3025 duabus
879 2971 986 3024 vocibus
1010 2978 1125 3023 esberno
1144 2969 1225 3022 tribas
1242 2970 1334 3022 lacuna
1352 2974 1401 3035 est,

235 3055 305 3109 unde
313 3054 479 3124 eolligemus,
497 3072 554 3109 eum
563 3058 625 3109 haec
639 3057 666 3109 in
683 3057 728 3110 illo
738 3050 822 3112 uetere
833 3058 949 3111 eodieum
960 3061 1106 3111 nostrorum
1116 3061 1223 3125 parente
1235 3073 1325 3126 parurn
1344 3058 1397 3126 legi

235 3145 353 3209 possent,
370 3141 484 3210 reliquos
500 3143 628 3206 librarios,
646 3144 713 3212 quod
731 3148 757 3196 et
768 3144 897 3197 sententia
914 3147 976 3212 apta
993 3158 1050 3196 esse
1062 3147 1088 3196 et
1106 3144 1183 3195 scribi
1200 3144 1314 3211 potuisse
1333 3143 1399 3196 arbi-

238 3230 376 3293 trarentur,
393 3229 562 3297 expressisse,
579 3229 646 3281 hune
664 3230 758 3283 codicis
767 3231 792 3296 9,
810 3245 867 3283 eum
885 3227 962 3280 fidem
980 3243 1082 3281 seruare
1099 3243 1151 3280 non
1167 3227 1263 3292 liceret,
1280 3228 1398 3281 lacunam

237 3311 390 3381 significare
410 3315 539 3367 maluisse.
584 3313 652 3366 Num
678 3315 757 3383 igitur
782 3330 843 3368 vera
865 3316 905 3366 est
927 3313 1085 3375 coniectura,
1108 3327 1160 3379 qua
1186 3317 1300 3364 extrema
1319 3312 1399 3365 tribus

238 3398 365 3467 seriptum
383 3403 440 3453 est?
474 3400 534 3453 Non
551 3400 659 3453 videtur.
693 3387 760 3454 Nam
778 3400 832 3453 sive
848 3399 963 3451 tributim
980 3399 1034 3451 sive
1053 3399 1127 3450 aliter
1144 3397 1267 3466 suffragia
1283 3398 1399 3451 fereban-

237 3470 281 3537 tur
298 3485 357 3548 (nee
374 3484 456 3540 audeo
475 3486 611 3539 decernere
629 3503 659 3538 ae
677 3485 709 3539 de
726 3486 875 3555 quaestione
888 3486 965 3538 totius
985 3483 1143 3552 antiquitatis
1156 3484 1287 3537 Romanae
1305 3488 1332 3537 et
1347 3501 1400 3537 ma-

235 3570 309 3625 xima
325 3574 353 3623 et
369 3571 446 3640 longe
464 3571 615 3624 difficillima
632 3573 822 3640 pronuntiare),
840 3574 907 3624 certe
924 3571 1006 3624 tribus
1025 3569 1204 3637 suffragiorum
1222 3585 1313 3638 parum
1330 3573 1400 3622 reete

237 3655 338 3709 dicetur
355 3671 402 3709 nee
419 3659 480 3710 nori
496 3658 669 3726 interpretem,
687 3659 731 3727 qui
748 3659 797 3710 hoe
819 3657 948 3725 explicare
972 3657 1091 3726 potuerit
1131 3655 1204 3707 Hane
1221 3656 1300 3722 igitur
1317 3654 1399 3706 tribus

237 3756 328 3795 voeem
345 3742 506 3796 eonieettuae
526 3743 608 3797 falsae
626 3744 714 3797 deberi
731 3743 860 3807 existimo,
881 3742 927 3794 sed
944 3742 1008 3795 illud
1032 3741 1099 3809 quod
1122 3743 1163 3791 est
1185 3746 1299 3790 extrema
1316 3753 1399 3790 verae.
1436 3760 1439 3765 ·

237 3825 342 3879 Etenim
358 3842 416 3879 oum
434 3834 603 3896 consequatuu
616 3830 701 3898 priori
717 3831 759 3881 illi
776 3829 857 3881 vestri
875 3844 1023 3888 coaeterua,
1041 3823 1194 3892 praecedere
1213 3827 1315 3892 oportet
1332 3823 1400 3891 quod

238 3914 394 3981 opponatur.
428 3913 482 3965 Iam
500 3918 609 3983 possunt
625 3919 693 3968 certe
711 3923 826 3968 extrema
843 3913 1029 3983 suffropiorura
1045 3909 1168 3977 intelligi,
1191 3924 1243 3961 nee
1255 3913 1340 3962 tamen
1357 3925 1401 3962 ne·

239 3997 323 4064 garini
340 3996 471 4052 addidisse
489 3999 636 4062 Ciceronem
655 4001 725 4053 aliud
742 3995 905 4064 vocabulum,
923 3998 998 4067 quale
1016 3994 1134 4064 equidem
1156 3987 1270 4049 inveriire
1287 3995 1400 4070 nondum

238 4083 322 4149 potui
366 4083 433 4138 Illud
449 4085 540 4151 rideo,
567 4087 635 4140 hune
656 4087 740 4141 loeum
764 4103 797 4139 ex
819 4100 924 4138 numero
948 4098 1050 4145 eorum,
1073 4080 1140 4134 unde
1157 4081 1223 4134 ratio
1241 4083 1400 4135 comitiorum
1486 4155 1487 4158 Ἴ
1538 4137 1542 4143 ,

238 4167 415 4222 Romanorum
437 4171 502 4225 dinei
519 4174 616 4240 possit,
638 4184 696 4227 esse
713 4172 882 4225 eximendum.
901 4201 905 4207 ·
924 4169 1027 4222 Primos
1051 4171 1134 4221 autem
1157 4184 1297 4221 concursus
1315 4168 1401 4237 aeeipe

238 4251 271 4306 de
289 4254 387 4322 populo
408 4255 524 4310 Romano
548 4259 581 4311 ad
604 4259 726 4328 suffragia
748 4259 853 4311 ferenda
874 4257 902 4309 in
924 4259 1016 4323 saepta
1037 4258 1203 4323 properante:
1234 4270 1310 4323 quam
1334 4255 1401 4306 enim

238 4338 360 4393 eelerite'r
376 4354 418 4394 res
435 4341 491 4395 fieri
508 4346 645 4410 consuerit,
662 4361 695 4398 ex
713 4344 765 4398 Cio.
784 4343 849 4396 Phil.
867 4341 899 4406 Il,
918 4341 951 4395 33
969 4340 1098 4394 discimus.

323 4423 408 4478 asad
423 4429 507 4482 enimi
521 4431 573 4482 mei
583 4430 703 4498 fractura
720 4433 737 4482 i.
750 4445 773 4484 e.
786 4429 819 4480 ad
837 4427 1031 4481 delectationem
1037 4447 1044 4492 ;
1062 4427 1176 4496 gaudent
1192 4429 1260 4481 enim
1277 4427 1402 4490 heminae,

239 4510 350 4579 siquod
369 4511 414 4566 din
429 4514 505 4567 'omni
528 4516 617 4568 labore
634 4515 776 4583 petierunt,
799 4518 977 4583 assequuntur.
1021 4513 1173 4567 Necessario
1197 4519 1281 4568 antem
1304 4513 1403 4566 addidit

240 4597 385 4665 genitivum
402 4601 486 4653 aalma
496 4603 554 4666 mei,
569 4617 601 4654 ne
620 4603 676 4671 quis
694 4618 753 4656 eum
771 4601 835 4654 alios
847 4601 947 4655 fruetus
964 4599 1005 4654 rel
1022 4600 1060 4652 rei
1075 4600 1208 4652 familiaris
1221 4600 1261 4652 vel
1273 4600 1403 4668 potentiae

239 4698 274 4739 ex
291 4673 567 4757 consulatu'quaerere
588 4688 759 4753 existimaret;
782 4705 842 4741 nam
864 4688 942 4741 etiam
966 4678 1083 4740 ad'liaec
1106 4690 1192 4756 ipsum
1213 4685 1310 4758 fluetus
1328 4699 1403 4738 voea-
