3550 5492
876 595 1068 659 ..8-

393 774 447 818 vos
458 753 626 836 legationes
638 753 774 835 dedistis,
787 755 841 838 qui
856 762 887 820 et
899 758 1012 842 privati
1035 766 1065 825 et
1076 762 1232 846 privatum
1244 764 1282 828 ad
1294 768 1457 850 negotium
1473 772 1553 843 erie-

394 861 477 937 runt,
494 877 556 921 non
570 856 714 920 maximis
730 858 858 942 opibus„
872 881 935 925 non
950 883 1072 927 summa
1086 867 1267 932 auctoritate
1281 870 1425 954 praediti,
1450 878 1553 941 tamen

394 958 510 1024 auditis
531 959 662 1044 profecto
692 979 785 1042 quam
806 981 914 1042 graves
937 984 1043 1029 eorum
1064 965 1215 1033 adventus
1237 972 1326 1036 sociis
1349 974 1470 1040 nostris
1490 998 1553 1043 esse

369 1067 522 1134 ssoloant.
574 1065 672 1140 Quam
702 1063 827 1129 obrem
850 1066 926 1150 quid
947 1070 1063 1153 putatis
1085 1071 1261 1157 impendere
1284 1075 1340 1138 hac
1362 1077 1429 1160 lege
1445 1081 1553 1145 omni·

394 1170 453 1234 bus
475 1166 617 1252 gentibus
638 1165 761 1229 terroris
784 1172 814 1230 et
836 1168 921 1250 mali,
945 1192 1016 1234 cum
1041 1171 1206 1245 mittantur
1220 1176 1254 1238 in
1281 1178 1553 1265 orbem'terrarum

393 1273 483 1338 Xviri
514 1293 634 1362 summo
667 1292 738 1334 cum
771 1271 916 1357 imperio,
951 1296 1073 1341 summa
1105 1299 1176 1342 cum
1210 1280 1342 1372 avaritia
1367 1270 1554 1370 infinitoque

395 1375 532 1441 omnium
555 1395 658 1438 rerum
680 1371 867 1455 cupiditate?
890 1398 1021 1461 quorum
1043 1400 1114 1443 cum
1135 1381 1286 1447 adventus
1309 1405 1416 1465 graves
1440 1393 1475 1451 et
1494 1389 1553 1453 -for-

393 1478 543 1557 mldolosi,
565 1483 635 1542 tum
656 1494 727 1539 vero
749 1473 900 1542 iudicium
923 1501 958 1544 ac
979 1486 1112 1565 potestas
1135 1483 1194 1547 crit
1214 1505 1276 1548 non
1297 1487 1431 1552 ferenda.
1468 1486 1552 1556 Lice-

470 1635 488 1677 8.
503 1645 569 1682 neque
582 1646 670 1677 sumac.
683 1657 708 1666 -
722 1637 741 1677 9.
755 1647 802 1676 com
815 1636 964 1676 annectantur.
977 1657 1002 1666 -
1016 1624 1089 1676 rerum
1102 1641 1199 1679 omniunt
1213 1659 1238 1669 -
1255 1651 1342 1689 graver,
1356 1654 1404 1683 cam
1412 1624 1493 1692 fasces
1502 1649 1552 1694 ser·

392 1706 497 1745 audoleci
510 1724 535 1734 -

462 1827 492 1879 9.-
505 1843 562 1878 cam
583 1826 727 1881 minuetur.
767 1828 872 1881 Rectius
896 1828 945 1878 hoc
967 1841 1023 1878 esse
1045 1826 1131 1879 iudico
1154 1843 1230 1895 quam
1254 1829 1321 1896 quod
1339 1845 1406 1882 nnnc
1423 1833 1469 1884 edi
1489 1835 1552 1888 solet

393 1931 450 1966 cum
466 1914 646 1966 immittantur.
673 1914 740 1966 Nam
751 1915 828 1967 Xriri
840 1914 986 1966 dicerentur
1003 1913 1108 1964 irooritti
1124 1914 1150 1964 in
1168 1914 1255 1966 orbem
1273 1918 1399 1968 terrarum
1417 1920 1550 1987 tamquam

393 2013 469 2064 canes
488 1998 590 2066 quidam
602 1999 636 2051 ad
654 2000 823 2068 diripiendum
842 2016 872 2052 ac
884 1999 1036 2062 venandum,
1054 1999 1100 2051 sed
1118 2015 1170 2052 non
1187 2001 1213 2052 id
1229 2001 1313 2068 agitur
1330 2001 1394 2066 h.l.;
1412 1995 1481 2057 illud
1499 2008 1553 2058 tan·

393 2091 448 2140 tum
472 2082 599 2154 disputat,
622 2103 680 2139 cum
703 2089 721 2140 ii
743 2090 788 2157 qui
805 2089 949 2158 legationes
967 2087 1061 2139 liberas
1082 2087 1227 2152 habent‚,i.
1245 2105 1266 2141 e.
1285 2089 1379 2155 privati
1396 2093 1474 2154 sunt,
1501 2094 1553 2161 tam

393 2173 495 2225 molesti
513 2173 564 2225 sint
581 2169 701 2242 gentibus
719 2175 828 2237 exteris,
847 2176 957 2242 quantae
976 2171 1098 2240 perniciei
1114 2173 1195 2225 futuri
1211 2175 1263 2240 sint
1280 2174 1364 2238 Xriri,
1391 2176 1435 2242 qui
1454 2193 1554 2231 summo

392 2259 499 2326 imperio
521 2262 635 2312 utuntur.
675 2260 818 2314 Excederet
841 2261 921 2328 igitur
945 2260 1106 2327 propositum
1134 2275 1208 2312 suum
1227 2258 1329 2323 Cicero,
1352 2261 1375 2312 si
1391 2260 1491 2315 Xriros
1508 2265 1554 2316 im·

392 2345 460 2397 mitti
477 2344 582 2402 diceret.
617 2345 706 2414 Neque
723 2347 792 2398 mitti
809 2348 910 2398 tantum
928 2360 972 2397 eos
992 2346 1028 2397 ait
1044 2347 1072 2398 in
1090 2346 1178 2399 orbem
1195 2348 1334 2409 terrarum,
1352 2347 1399 2399 ie.
1419 2350 1555 2406 amandari

392 2431 474 2498 qumi,
491 2433 620 2499 tamquam
642 2432 730 2484 exules
753 2432 878 2500 quosdam
896 2431 967 2497 (nam
984 2431 1012 2483 id
1036 2431 1190 2499 displicebat
1208 2430 1364 2484 Gebhardtio
1383 2433 1400 2485 l.
1419 2434 1436 2484 l.
1456 2451 1483 2502 p.
1504 2437 1555 2501 11),

392 2517 439 2569 sed
454 2517 524 2568 mitti
540 2533 636 2569 summo
655 2534 712 2570 cam
730 2519 846 2586 imperio.
864 2546 898 2554 -—
915 2533 1009 2586 proves
1027 2523 1054 2569 st
1063 2516 1237 2584 formidolosi.
1267 2518 1325 2570 Non
1343 2523 1429 2586 potest
1446 2538 1555 2592 magno·

392 2617 453 2670 pere
471 2603 630 2670 reprehendi,
649 2604 716 2671 quod
735 2604 795 2657 olim
814 2604 937 2656 edebatur
954 2619 1012 2654 cam
1030 2603 1155 2655 adventas
1172 2620 1274 2672 proces,
1293 2604 1445 2672 cumjasces
1458 2607 1554 2674 sormi·

393 2688 488 2752 dolosi3
506 2705 566 2744 nam
584 2689 615 2741 de
633 2691 764 2758 particula-
778 2707 836 2743 cam
852 2691 893 2743 bis
911 2691 1023 2758 repetita
1034 2689 1072 2742 cf.
1090 2704 1137 2742 nos
1157 2689 1188 2740 ad
1206 2707 1230 2757 p.
1244 2691 1308 2742 Mur.
1320 2690 1358 2754 18,
1371 2690 1413 2755 38,
1431 2695 1458 2744 st
1471 2686 1554 2748 fasces

393 2780 624 2830 commemorantur
640 2777 719 2829 stiam
737 2780 801 2829 orat.
819 2776 965 2840 11,17,45·.
1001 2775 1053 2828 Sed
1071 2776 1157 2828 nescio
1176 2778 1262 2828 tarncn
1280 2792 1329 2844 quo
1348 2779 1424 2844 pacto
1442 2778 1555 2835 fascium

393 2849 600 2916 commemoratio
619 2863 680 2915 mihi
699 2863 767 2930 apud
785 2863 909 2932 populum
929 2864 1013 2931 aptior
1031 2862 1132 2915 videtur
1154 2878 1210 2915 esse
1229 2863 1348 2929 quanin
1371 2867 1475 2917 senatu:
1500 2867 1554 2921 illie

393 2949 517 3018 explicari
535 2950 670 3018 oportebat
688 2952 820 3014 terrorem,
839 2951 928 3017 quiin
946 2949 1057 3002 adventu
1077 2948 1188 3001 Xrirum
1206 2952 1282 3012 esset,
1299 2950 1349 3013 hic,
1368 2964 1425 3001 cum
1446 2953 1489 3004 tot
1506 2954 1554 3006 viri

393 3036 588 3103 magistratibus
607 3038 651 3087 ant
668 3036 779 3105 praediti
798 3040 843 3089 ant
859 3037 941 3089 functi
966 3035 1099 3098 adessent,
1116 3035 1223 3086 fascium
1245 3035 1401 3088 mentionem
1424 3035 1482 3090 fieri
1500 3043 1554 3093 erat

393 3120 490 3172 inutile.
515 3121 598 3184 Quare
609 3137 698 3175 vereor
707 3139 738 3175 ne
747 3124 773 3176 h.
783 3123 800 3175 1.
813 3123 903 3190 fasces
922 3108 1237 3188 eleibraridrumingenio
1255 3121 1395 3186 extiterint,
1413 3123 1456 3191 qui
1475 3140 1554 3195 quam

396 3206 471 3258 aliam
488 3206 650 3260 formidinem
669 3209 779 3262 Xrirum
798 3209 923 3260 adrentus
941 3205 1041 3260 efficere
1058 3207 1174 3274 possent,
1184 3220 1276 3273 parum
1292 3206 1474 3277 intelligerent.
1504 3211 1555 3264 Sed

395 3308 441 3346 cur
457 3309 508 3346 non
525 3295 707 3350 formidolosus
731 3296 831 3349 dicatur
853 3310 941 3347 eorum
963 3293 1101 3357 adrentus,
1120 3308 1183 3361 quos
1202 3307 1289 3345 omnes
1308 3295 1403 3347 scirent
1421 3295 1453 3347 ad
1477 3313 1554 3368 agros

395 3379 513 3448 publicos
530 3383 679 3437 vendendos
697 3398 754 3436 esse
772 3382 882 3434 missos?
922 3379 990 3431 Illud
1006 3394 1067 3431 vero
1085 3379 1218 3432 ferendum
1236 3395 1293 3432 esse
1311 3383 1403 3449 negat,
1422 3383 1494 3447 quod
1511 3383 1555 3436 iis·

396 3465 453 3519 dem
470 3467 583 3521 iudicare
601 3471 628 3522 et
645 3466 754 3521 vendere
771 3467 878 3529 beabat,
902 3467 932 3517 ut
949 3464 1061 3518 omnium
1078 3465 1195 3517 fortunae
1214 3481 1246 3516 ex
1269 3466 1344 3518 unius
1363 3465 1466 3517 arbitrio
1492 3485 1555 3536 pan.

396 3551 493 3607 derant.
520 3583 553 3591 -
579 3554 691 3613 domines
709 3553 806 3615 sonori,
823 3551 944 3603 nimirum
962 3550 1051 3614 Xviri,
1073 3566 1137 3620 quos
1159 3566 1206 3618 per
1227 3551 1414 3604 simulationem
1438 3558 1555 3620 sanctos,

396 3639 412 3692 i.
431 3655 453 3692 e.
471 3641 585 3710 integros
602 3641 774 3708 pecuniaeque
793 3638 951 3690 abstinentes
970 3636 1090 3706 appellat.
1126 3636 1178 3689 Sed
1195 3636 1321 3708 quidest,
1339 3636 1407 3704 quod
1424 3637 1505 3693 licere
1522 3642 1554 3695 iis

397 3725 434 3777 ait
450 3727 584 3793 pecuniam
602 3727 735 3793 accipere?
775 3722 845 3785 Quae
868 3739 980 3792 unquam
1003 3722 1045 3777 lex
1068 3723 1095 3776 id
1117 3726 1204 3792 potest
1227 3724 1391 3792 permittere?
1425 3725 1555 3780 Nimirum

397 3827 448 3864 non
465 3812 591 3881 permittit
607 3812 649 3863 lex
667 3808 790 3872 Servilia,
818 3809 863 3862 sed
881 3812 910 3861 ut
932 3810 1008 3862 liceat
1025 3810 1100 3874 facit,
1124 3811 1191 3878 quia,
1206 3811 1371 3881 quinquennii
1394 3813 1553 3878 potestatem

398 3897 455 3950 dat:
473 3915 550 3968 quare
567 3898 594 3949 in
611 3912 652 3949 rus
670 3911 701 3948 ae
718 3909 828 3962 poenam
846 3897 933 3950 vocari
951 3913 1002 3950 non
1020 3900 1137 3964 possunt.
1156 3927 1189 3934 —
1207 3897 1382 3966 spoliationes.
1422 3897 1554 3953 Immerito

397 3985 446 4038 hoc
464 3984 593 4054 displicuit
610 3981 771 4050 quibusdam,
789 3983 832 4052 qui
849 3983 950 4036 Pitheci
971 3984 1143 4036 coniecturam
1166 3984 1313 4052 sponsiones
1336 3983 1505 4035 anteferrent:
1528 3985 1555 4038 in
1594 4030 1597 4037 .

399 4087 449 4139 qna
471 4073 528 4141 ipsa
548 4068 656 4121 iniuriae
678 4070 755 4123 sociis
778 4069 865 4126 illatae
888 4069 1040 4138 significatio
1064 4070 1197 4124 obscurior
1218 4073 1265 4123 est.
1309 4069 1345 4122 At
1366 4069 1487 4138 spoliatio
1506 4075 1555 4137 est,

399 4174 457 4212 cum
474 4157 580 4224 eripitur
598 4155 675 4209 sociis
693 4157 811 4224 pecunia,
823 4172 899 4225 quam
917 4156 956 4209 illi
967 4158 1037 4208 metu
1049 4159 1164 4224 repetere
1181 4173 1232 4210 non
1251 4157 1345 4210 audent
1358 4155 1405 4209 nec
1423 4157 1554 4224 genitivus

399 4244 463 4306 eius,
480 4241 524 4310 qui
541 4240 678 4309 spoliatur,
700 4258 751 4295 non
772 4243 846 4296 facile
871 4243 1006 4311 cogitatur.
1041 4241 1134 4296 Puctio
1152 4241 1205 4308 est,
1229 4259 1287 4296 cum
1304 4242 1380 4296 Xriri
1399 4259 1457 4295 cum
1474 4245 1554 4298 sociis
1584 4267 1587 4273 ·

305 4348 307 4352 ⁴
383 4344 431 4380 'ne
447 4327 541 4402 iniuria
557 4326 711 4393 afficiantur,
729 4332 824 4382 certam
842 4329 978 4397 pecuniam
997 4329 1163 4404 constituunt,
1181 4330 1335 4383 reordinatio
1354 4328 1470 4398 denique,
1489 4347 1555 4399 quac

398 4413 474 4481 longe
497 4411 700 4480 flagitiosissima
717 4419 770 4480 est,
797 4432 854 4469 cum
877 4417 946 4485 apud
963 4416 1059 4476 Xuiros
1081 4420 1226 4472 mercatura
1243 4419 1369 4470 bonorum
1387 4431 1416 4467 ac
1433 4415 1498 4469 iuris
1518 4419 1556 4470 in·

400 4498 514 4552 stituitur
531 4516 561 4553 ac
578 4503 652 4570 quasi
669 4503 807 4570 plurimum
818 4504 978 4571 promittenti
990 4504 1100 4572 plurima
1112 4505 1245 4574 commoda
1257 4503 1415 4556 addicuntur.
1443 4500 1556 4559 Solitum

399 4582 484 4637 idest
501 4587 528 4639 in
546 4587 595 4641 hoe
610 4589 668 4657 ipso
690 4589 795 4641 crimine
812 4590 976 4654 vocabulum,
994 4589 1028 4643 cf.
1047 4590 1113 4645 Phil.
1131 4591 1167 4656 ΙΙ,
1184 4592 1232 4654 45,
1251 4591 1314 4660 1¹5³
1331 4590 1359 4642 in
1379 4589 1453 4642 Verr.
1473 4587 1512 4654 V,
1531 4591 1555 4658 5,

403 4669 446 4735 103
463 4670 484 4735 1,
500 4673 543 4739 46,
562 4674 620 4740 119,
637 4677 714 4745 atque
732 4674 885 4753 aliquotiens
903 4676 982 4733 etiarn
999 4677 1105 4731 verbum
1122 4675 1282 4731 mndinandi
1299 4677 1337 4731 sie
1353 4678 1502 4743 usurpatur.
