3550 5492
783 603 1015 671 -117-

316 770 402 853 urbs,
425 792 503 856 quae
529 770 645 836 bellum
679 771 776 834 iacere
799 773 891 854 atque
918 770 1072 836 instruere
1094 771 1208 856 possit,
1236 773 1409 857 quaeritur,
1432 779 1480 838 ta·

315 892 431 937 menne
452 870 615 958 patiemini
637 876 738 936 vestro
760 870 884 935 nomine
907 880 1013 939 contra
1034 894 1088 939 vos
1110 875 1226 939 firmari
1251 897 1339 962 opes,
1362 874 1479 941 firmari

314 975 481 1061 praesidia,
504 973 605 1056 urbes,
628 995 725 1058 agros,
749 974 851 1059 copiae
880 974 1072 1061 comparari?
1114 975 1194 1040 Nam
1223 997 1333 1060 agrum
1354 977 1479 1063 quidem
1489 980 1521 1036 78

314 1078 521 1164 campanum,
545 1097 636 1162 quem
658 1076 745 1142 vobis
767 1083 933 1159 ostentant,
955 1077 1016 1162 ipsi
1038 1077 1296 1162 concupiverunt:
1328 1078 1479 1144 deducent

313 1200 400 1263 suos,
421 1190 552 1265 quorum
568 1179 693 1245 nomine
714 1177 775 1263 ipsi
792 1185 919 1245 teneant
933 1184 965 1244 et
978 1180 1135 1243 mantus:
1158 1186 1297 1245 coement
1309 1189 1477 1267 praeterea,

401 1363 490 1402 cneori·
498 1363 620 1413 maedam

310 1514 400 1564 ceam
417 1509 504 1572 bonos,
522 1511 576 1561 tum
589 1507 649 1576 sert
664 1507 823 1562 commonebo
840 1509 894 1562 sive
907 1507 1072 1572 commovebo,
1090 1522 1155 1577 quau
1171 1509 1314 1562 rectissime
1331 1509 1478 1564 emendavit

310 1592 372 1649 Nic.
382 1591 518 1662 Angelius,
530 1591 607 1660 longe
619 1591 707 1660 plures
726 1608 756 1645 ac
769 1591 887 1645 meliores
905 1594 983 1647 ctiam
1002 1594 1090 1647 otiosis
1107 1593 1230 1657 mnibus,
1248 1594 1384 1663 quodiam
1401 1599 1476 1649 vetus

311 1679 407 1749 aliquis
425 1677 546 1731 librarius
564 1677 665 1730 ridetur
681 1678 832 1731 correxisse.
861 1678 926 1731 Item
938 1678 1007 1745 quod
1023 1678 1150 1732 edidimus
1168 1676 1203 1731 Si
1219 1679 1384 1732 estomnibss
1397 1681 1475 1744 cobis,

310 1765 337 1818 ai
352 1762 452 1816 maiori
467 1767 580 1814 veebum
593 1762 677 1830 porti,
697 1777 784 1815 omnes
803 1762 860 1819 cod.
878 1762 985 1817 alteram
1003 1764 1155 1834 particulam
1174 1765 1198 1817 ai
1214 1766 1348 1829 omittunt,
1367 1783 1417 1834 qua
1434 1781 1475 1819 ca-

310 1864 367 1904 rere
387 1864 439 1902 non
455 1862 604 1915 possumus:
622 1847 703 1900 edidit
720 1848 823 1917 quidem
841 1864 898 1901 eam
915 1850 1213 1918 primusI.G.Baiterus
1231 1867 1263 1904 ex
1281 1855 1343 1905 nota
1361 1853 1472 1920 quedam

310 1936 441 1991 Torrentii
450 1936 548 1999 Leuini,
560 1935 683 1988 facillima
703 1937 887 2002 emendatione,
905 1953 963 1990 cum
979 1938 1004 1990 si
1019 1937 1193 1991 antecedentis
1207 1937 1325 1990 vocabuli
1340 1943 1472 2007 postrema

311 2029 337 2078 et
353 2024 514 2092 insequentis
532 2023 617 2091 prima
633 2024 718 2076 littera
736 2025 857 2078 haustum
874 2040 931 2079 esse
949 2025 1073 2081 videatur.
1112 2024 1187 2089 Quod
1208 2025 1268 2078 olim
1287 2025 1410 2078 edebatur
1428 2033 1475 2078 out

312 2106 409 2164 maiori
425 2136 460 2147 -
473 2110 557 2179 porti,
575 2111 603 2163 in
620 2110 715 2164 Aldina
733 2111 845 2164 editione
863 2112 971 2180 primum
991 2111 1101 2165 arbitror
1118 2111 1237 2176 inueniri,
1255 2111 1301 2164 sed
1319 2111 1346 2163 id
1364 2115 1390 2164 et
1408 2111 1474 2163 difli-

312 2196 426 2262 ciliorem
444 2195 567 2249 nascendi
590 2195 786 2265 explicationem
808 2196 887 2248 habet
909 2212 955 2249 nec
978 2202 1028 2248 out
1040 2195 1066 2249 h.
1083 2195 1100 2248 l.
1124 2199 1213 2265 aptum
1233 2194 1336 2248 ridetur
1355 2211 1422 2249 esse.
1440 2224 1474 2255 -,

311 2281 450 2337 omninodo
468 2283 485 2336 i
503 2282 616 2335 ovelut
637 2282 719 2337 oculis
737 2283 830 2336 clausis
848 2270 1016 2336 dissimulabo
1033 2281 1244 2350 commodumque
1262 2283 1377 2334 vestrum
1395 2283 1474 2334 horre·

310 2366 372 2422 stati
396 2369 518 2438 anteponi
540 2368 633 2437 patiar.
669 2368 821 2438 Oppositum
843 2372 883 2422 est
906 2369 1021 2438 vigilare.
1062 2369 1101 2423 cf.
1120 2369 1152 2422 de
1169 2369 1211 2423 od.
1229 2369 1255 2433 Ι,
1273 2368 1319 2422 95:
1349 2367 1401 2430 Qui
1422 2368 1473 2423 rci-

308 2452 429 2525 pudlicoe
444 2456 596 2526 praefuturi
612 2463 680 2521 sunt,
698 2456 748 2509 duo
769 2454 886 2509 Plutonia
908 2464 1051 2526 praecepto
1069 2462 1184 2520 temoni,
1202 2473 1282 2508 coum
1299 2484 1333 2493 -
1353 2455 1472 2518 aiterum,

308 2549 337 2595 st
353 2548 436 2607 totum
447 2557 541 2610 corpus
558 2540 717 2610 reipublicae
735 2548 833 2605 curem,
851 2557 883 2594 me
896 2541 956 2593 duom
969 2548 1073 2611 purtem
1091 2541 1208 2608 aliquam
1225 2546 1337 2602 tueatur,
1355 2539 1472 2607 reliquus

308 2620 438 2681 deserant.
457 2653 491 2664 -
508 2625 614 2677 adsim
630 2624 735 2690 faciam
753 2626 906 2693 caedemque
923 2625 1036 2679 deiectis.
1065 2626 1103 2678 De
1120 2625 1212 2678 iisdem
1224 2624 1320 2678 colonis
1338 2624 1470 2690 intratiii

306 2710 399 2765 Probae
422 2710 525 2779 quiderm
547 2728 635 2776 ocrea,
658 2712 696 2764 od
715 2712 767 2764 ciro
785 2713 916 2782 prompti,
940 2713 977 2765 cd
997 2712 1146 2766 seditionem
1163 2710 1270 2781 parati,
1292 2710 1339 2778 qui
1360 2710 1471 2764 simmae

304 2796 387 2850 Xoiri
405 2796 594 2866 iucrepuerint,
618 2796 716 2849 ormoti
738 2796 766 2848 iu
789 2798 858 2850 cioca
880 2804 906 2850 et
929 2797 1044 2867 expediti
1065 2797 1102 2850 od
1123 2795 1211 2849 urbem
1234 2811 1288 2847 csse
1306 2795 1421 2864 possint,
1443 2799 1470 2849 et

306 2882 364 2950 §84
383 2880 425 2936 bia
435 2870 553 2937 ¹roboretis
572 2890 602 2936 et
613 2882 756 2936 volentibus
775 2890 801 2936 et
816 2883 959 2937 audaeibus
976 2883 1088 2936 Xoirum
1105 2879 1267 2944 satellitibus,
1285 2885 1351 2934 orat.
1369 2880 1423 2945 Ι,6,
1437 2881 1470 2934 18

305 2963 394 3022 colo'rii
410 2968 505 3043 delecti
521 2969 559 3022 od
574 2985 647 3022 omme
658 2967 769 3037 sommus
786 2987 804 3022 o
821 2969 914 3022 Xois-is
932 2968 1132 3023 collocabuntur.
1150 2996 1183 3006 -
1207 2966 1298 3021 bellom
1309 2966 1403 3034 secere
1421 2966 1471 3018 dit-

305 3056 356 3117 tert
373 3052 560 3109 ‘ab'intcrendo
577 3054 658 3118 boll03
684 3058 725 3109 est
742 3055 810 3108 enim
827 3056 892 3120 eius,
910 3056 955 3125 qui
972 3059 1058 3109 tantas
1076 3070 1139 3124 opes
1157 3054 1250 3118 habet,
1268 3056 1298 3106 ut
1315 3052 1410 3106 bellum
1427 3068 1470 3106 su.-

305 3141 403 3195 ttinere
420 3142 510 3210 possit
546 3140 585 3195 Gi.
603 3145 629 3210 pL
647 3141 701 3196 llil.
719 3141 769 3207 23,
788 3141 822 3197 63
845 3140 983 3211 occupabit
1003 3142 1115 3210 aliquem
1139 3142 1233 3203 locum,
1256 3138 1348 3192 belismo
1361 3138 1470 3208 petrice
1522 3154 1525 3159 ·

301 3228 395 3297 societ.
430 3226 511 3281 Paulo
528 3232 589 3297 post
606 3229 661 3281 sine
679 3229 838 3282 dubitatione
856 3229 925 3298 quod
941 3231 968 3282 in
986 3230 1083 3297 optimo
1101 3228 1189 3282 codice
1206 3229 1248 3280 est
1264 3225 1407 3294 recepimus
1419 3223 1470 3290 ,tir-

306 3315 376 3369 nara·
389 3314 537 3384 praesidio.
572 3314 662 3382 Neque
679 3317 747 3368 enim
764 3332 852 3370 verum
870 3320 926 3370 erat
943 3315 1120 3370 constituenda
1135 3315 1238 3384 Capuae
1255 3313 1355 3368 colonia
1374 3310 1471 3363 armari

306 3399 451 3469 praesidia,
468 3399 588 3467 quoniam
606 3416 677 3452 arma
695 3400 793 3454 colonis
811 3417 862 3454 non
882 3401 1016 3454 dabantur.
1044 3399 1096 3453 Sed
1113 3399 1271 3468 praesidium
1288 3402 1388 3451 tantum
1406 3412 1466 3450 eon·

308 3485 461 3539 stituebatur
478 3491 504 3541 et
521 3487 623 3557 quidem
636 3489 742 3555 firmum
760 3489 831 3556 (nam
849 3491 886 3543 sic
904 3505 981 3559 saepe
999 3489 1110 3553 dicitur),
1128 3504 1178 3556 quo
1196 3489 1240 3556 qui
1258 3488 1354 3540 bellum
1372 3486 1467 3540 interro

307 3572 408 3637 vellent,
426 3573 464 3626 uti
481 3578 595 3643 possent
1474 3620 1478 3626 .

391 3658 433 3711 78.
450 3658 522 3711 Nam
545 3677 638 3728 mrum
660 3662 762 3731 quidem
782 3661 949 3733 Campanum.
985 3664 1057 3717 Dixit
1075 3662 1107 3715 ds
1125 3660 1221 3730 oppido
1240 3658 1342 3726 Capua,
1365 3659 1392 3710 in
1417 3672 1468 3725 quo

309 3746 346 3813 qui
364 3744 587 3799 constituebantur
605 3747 689 3800 coloni
712 3749 761 3801 etsi
779 3766 830 3802 non
854 3749 936 3803 solum
955 3749 1070 3815 domum,
1092 3764 1180 3802 verum
1203 3747 1281 3799 etiam
1300 3759 1390 3812 agrum
1408 3758 1466 3801 cum

310 3830 382 3907 domo
401 3832 565 3885 coniunctum
593 3834 766 3902 accipiebant,
789 3836 827 3889 sic
845 3839 931 3889 tamen
949 3837 1047 3889 Xuiros
1076 3837 1189 3889 tacturos
1214 3831 1288 3894 dicit,
1317 3832 1346 3883 ut
1367 3827 1466 3881 colonis

309 3932 395 3987 aprum
415 3916 557 3971 adimerent
573 3935 653 3988 eoque
671 3921 722 3988 ipsi
740 3921 891 3975 fruerentur.
922 3921 1006 3986 Quare
1022 3923 1082 3975 hinc
1100 3937 1151 3974 non
1170 3917 1319 3972 debebimus
1337 3913 1468 3980 colligere,

310 4002 362 4058 aliis
380 4004 528 4059 hominibus
547 4009 629 4059 sortes
647 4023 766 4076 agrorum
790 4024 846 4062 osse
865 4008 954 4074 datas,
978 4008 1035 4063 aliis
1059 4008 1148 4062 domos
1166 4006 1268 4073 inipso
1287 3999 1391 4070 oppido.
1426 3996 1466 4050 Gi.

306 4088 368 4143 intra
385 4087 444 4156 §85
461 4090 493 4143 do
510 4091 600 4144 eodem
618 4108 680 4162 agro
698 4095 744 4162 qui
760 4095 831 4148 cobis
849 4085 1000 4159 ostentetur,
1019 4095 1080 4148 aliia
1098 4096 1274 4162 comparatur.
1291 4116 1324 4125 -
1341 4083 1467 4138 desiccent

306 4170 361 4247 cros
379 4178 397 4231 i.
416 4193 439 4230 e.
456 4179 625 4248 propinquos,
643 4180 757 4244 clientes,
775 4181 890 4246 libertos,
908 4182 1019 4234 tortasse
1036 4183 1112 4234 etiam
1130 4195 1188 4243 eos,
1212 4174 1304 4245 quibus
1323 4174 1388 4226 hanc
1407 4184 1466 4222 con-

306 4262 431 4318 dicionem
448 4265 589 4332 imponant,
608 4269 638 4318 ut
655 4282 741 4320 secum
755 4271 854 4335 partem
866 4268 995 4320 fructuum
1013 4266 1200 4320 communicent
1217 4261 1257 4315 rel
1281 4274 1369 4329 agrum
1382 4258 1465 4309 totum

304 4364 383 4417 parvo
401 4351 484 4419 pretio
497 4351 596 4404 cedant.
625 4352 698 4417 Quod
716 4353 793 4420 paulo
811 4357 922 4422 postest
939 4354 967 4405 in
985 4353 1115 4406 codicibus
1128 4350 1246 4404 omnibus
1260 4351 1384 4408 coemant,
1396 4344 1466 4395 recte

303 4432 469 4490 Lauredauus
482 4438 593 4490 correxit
607 4445 733 4502 coconem,-
751 4455 810 4491 nam
834 4438 973 4491 absurdum
992 4443 1046 4493 est:
1066 4436 1277 4498 deducentium,
1294 4437 1324 4486 ut
1340 4430 1466 4492 coemant,

302 4522 379 4591 qnasi
397 4523 431 4576 ab
449 4522 540 4576 alienis
558 4539 672 4576 coemere
691 4525 868 4593 nonpossint.
904 4525 940 4577 At
956 4524 1093 4578 coemendo
1112 4523 1276 4577 continuatur
1293 4535 1369 4587 ager,
1386 4530 1465 4586 quare

302 4610 442 4678 utrumque
460 4609 566 4662 verbum
583 4609 672 4662 eodem
690 4612 803 4678 tempore
821 4611 900 4663 scribi
918 4613 1026 4679 oportet.
1063 4608 1191 4663 Disoimus
1209 4610 1295 4658 autem
1312 4603 1386 4667 hino,
1404 4600 1465 4654 Rul-

298 4684 356 4753 lum
375 4695 473 4750 colonis
493 4696 560 4750 dena
576 4697 666 4765 iugera
682 4697 710 4751 in
721 4711 784 4766 agro
798 4696 929 4767 Campano
941 4698 1068 4767 assignari
1080 4697 1194 4750 iussisse.
1220 4689 1361 4745 Doticicrat
1376 4687 1465 4756 igitur,
