3550 5492
769 607 1004 671 -141-

302 788 377 833 mae
398 772 622 853 contemptum,
652 768 818 851 abiectum,
841 767 1037 852 videbamus,
1059 769 1142 835 huna
1163 771 1287 858 Capuae
1309 774 1464 862 Campano

303 870 461 957 praesidio
483 892 519 936 ac
540 871 624 955 regio
646 871 759 958 spiritu
781 892 852 935 oum
874 869 1059 954 videremus,
1082 871 1217 940 Blossios
1238 876 1318 941 mibi
1338 877 1466 943 videbar

304 974 378 1040 illos
400 973 504 1039 videre
527 995 562 1040 aa
582 972 742 1040 Vibellios.
786 973 853 1038 Iam
873 994 946 1039 vero
968 973 1023 1059 qui
1044 970 1146 1040 metus
1169 984 1235 1042 erat
1256 979 1465 1046 tunicatorum
1474 987 1508 1040 94

304 1075 454 1142 illorum?
482 1084 513 1142 et
534 1076 569 1141 in
590 1077 713 1142 Albana
734 1083 766 1141 et
787 1076 927 1161 Seplasia
953 1098 1031 1162 quae
1053 1079 1242 1144 concursatio
1263 1089 1465 1166 percunctan-

302 1180 386 1246 tium
410 1179 486 1265 quid
499 1185 621 1266 praetor
640 1179 796 1263 edixisset,
818 1179 874 1245 ubi
896 1186 1028 1263 cenaret,
1053 1201 1113 1264 quo
1135 1181 1369 1272 denuntiasset?
1404 1187 1465 1252 Nos

390 1400 528 1446 ammaon
541 1401 605 1444 atoue
618 1397 728 1437 elladam.
741 1414 765 1426 -
780 1397 889 1444 Campano
901 1398 1016 1445 sepercdw
1029 1406 1061 1437 ae.

307 1577 384 1640 titur,
403 1579 443 1630 est
455 1591 553 1645 parom
569 1576 693 1645 grandia·
717 1590 773 1629 ease
796 1575 934 1629 maedam
954 1576 1065 1644 prandia
1087 1576 1150 1630 dicit
1166 1577 1266 1633 Nonius
1284 1596 1309 1648 p.
1329 1579 1392 1644 183,
1418 1580 1464 1635 sed

306 1662 401 1717 Lucilii
419 1666 519 1716 tantum
535 1662 619 1716 locum
637 1662 741 1716 altune.¹
769 1662 900 1727 Quomodo
918 1664 997 1730 igttur
1015 1662 1130 1717 Ciceroni
1152 1665 1183 1717 de
1205 1666 1352 1719 coniectura
1369 1666 1465 1719 tribue-

304 1752 381 1803 mus?
416 1747 472 1803 Nec
489 1749 633 1803 nemaeus
650 1748 751 1802 ridetur
768 1765 825 1803 esse
843 1750 926 1802 omnis
950 1749 1110 1815 coniectura;
1135 1768 1196 1805 nem
1213 1760 1243 1805 at
1258 1751 1407 1806 videbamus
1424 1756 1465 1807 est

303 1840 335 1888 et
349 1833 440 1889 adae
461 1836 597 1906 coepturos.
632 1835 768 1889 Hominem
785 1836 871 1905 Ipsum
887 1834 1002 1904 iuteIIIga
1017 1838 1052 1909 'et
1067 1836 1173 1906 longum
1195 1837 1287 1891 fuisse·
1299 1838 1326 1890 et
1342 1839 1463 1893 macilen-

302 1921 366 1973 tum.
401 1918 482 1973 Paulo
506 1924 567 1989 post
584 1918 727 1979 teostitae
749 1925 933 1989 contemptum,
955 1917 1081 1972 abacum
1097 1920 1237 1985 edidimus;
1261 1937 1320 1975 nam
1343 1925 1410 1993 quod
1430 1941 1463 1978 ex

304 2002 425 2058 Lambini
442 2007 589 2061 coniectura
605 2008 725 2062 Baitarns
742 2006 824 2059 edidit
838 2013 1009 2075 assumptam
1025 2014 1101 2076 alque
1118 2006 1252 2071 abiectam,
1270 2010 1330 2077 quia
1346 2010 1463 2063 similiter

304 2105 331 2159 p.
349 2089 449 2144 (llueut
467 2091 510 2157 34,
527 2093 562 2147 94
580 2111 686 2147 caream
702 2093 830 2162 pacoame
842 2091 965 2162 publicae
988 2098 1157 2162 contemptam
1175 2100 1251 2163 atqeae
1274 2093 1400 2149 abactam
1412 2112 1464 2166 pa·

303 2183 392 2230 meuc
407 2178 535 2246 particula
553 2179 767 2248 interponeretur,
783 2178 907 2247 numquid
924 2178 1014 2231 eadem
1031 2178 1158 2233 adIectiva
1170 2195 1272 2249 semper
1282 2182 1410 2249 pardonis
1422 2183 1463 2235 uel

303 2261 393 2315 addita
413 2246 567 2318 eufomisea
588 2266 708 2333 usurpari
726 2279 831 2317 necesse
849 2268 905 2318 est?
940 2264 1025 2333 Atque
1042 2265 1099 2334 Ipso
1123 2269 1212 2331 tamen
1230 2267 1276 2320 illo
1294 2266 1461 2322 Cluentianae

302 2347 362 2401 loco
379 2350 491 2417 optimus
513 2350 596 2405 codex
617 2351 770 2420 particulam
792 2351 903 2420 ignorat.
926 2378 960 2389 -
991 2349 1122 2420 Campano
1140 2352 1285 2421 praesids‘o.
1325 2352 1372 2408 Sic
1394 2361 1463 2408 recte

307 2434 408 2488 eodioes
425 2435 534 2500 liabent;
551 2435 689 2490 multitudo
706 2435 774 2489 euim
793 2435 970 2488 comitantium
987 2433 1095 2489 inflabat
1112 2437 1239 2491 homiuem
1258 2453 1288 2490 sc
1305 2437 1463 2492 Blossiorum

306 2518 416 2573 similem
433 2518 570 2574 efficiebat
597 2520 671 2584 Quod
688 2535 756 2573 nunc
773 2535 806 2573 ex
823 2519 956 2588 Naugerii,
974 2522 1003 2571 ut
1019 2519 1129 2584 videtur,
1150 2523 1298 2576 coniectura
1314 2525 1384 2589 (nam
1401 2541 1462 2578 num

305 2604 332 2658 iu
348 2603 424 2657 libris
440 2620 487 2658 ms.
505 2604 656 2672 reperiatur,
673 2605 800 2657 Incertum
817 2619 874 2657 esse
887 2603 1010 2668 arbitror)
1027 2605 1069 2657 edi
1086 2605 1154 2659 solet
1166 2605 1298 2677 Campano
1315 2611 1464 2679 superaddo,

302 2705 396 2759 perum
412 2689 511 2756 placet,
529 2704 588 2741 nam
604 2689 632 2740 in
650 2689 787 2756 supercilio
805 2689 926 2741 tristitiae
943 2704 974 2741 aa
990 2691 1150 2756 severitatis,
1173 2707 1226 2769 non
1249 2697 1410 2762 arrogantiae
1428 2698 1462 2750 si-

302 2790 382 2846 guum
399 2779 447 2830 est
464 2803 498 2814 -
516 2792 548 2829 aa
570 2773 697 2829 Vitellios.
725 2775 769 2828 Sic
785 2790 842 2829 esse
860 2775 1029 2845 appellandos
1047 2777 1171 2844 homines,
1189 2795 1240 2833 non
1257 2777 1379 2833 Iaballa'oa
1396 2782 1462 2835 vidIt

303 2861 360 2916 (lar.
379 2861 495 2915 Halmius
519 2861 653 2931 edimrque
671 2877 738 2915 nunc
756 2862 826 2931 apud
842 2860 895 2917 (lic.
912 2864 940 2915 in
956 2863 1009 2917 Pia
1029 2863 1069 2928 ll,
1086 2863 1128 2928 24,
1145 2863 1201 2919 Lis.
1218 2864 1322 2930 XXIII,
1340 2865 1357 2919 8
1374 2870 1402 2918 et
1417 2867 1460 2931 46,

302 2946 402 3013 XXVI,
423 2946 469 3011 15,
488 2947 549 3000 abbi
570 2940 771 3016 confirmantque
787 2948 985 3017 inscriptiones,
1006 2949 1033 3001 iu
1055 2948 1147 3017 quibus
1169 2951 1247 3019 pauci
1263 2949 1369 3004 Vibellii
1390 2952 1461 3003 inre·

304 3035 418 3097 utuntur.
452 3033 610 3103 intelligitur
632 3036 717 3087 autem
734 3032 860 3088 Vibellius
880 3033 926 3085 ille
943 3032 1056 3097 Taurea,
1079 3034 1462 3104 nobiliscampanus,11anni-

303 3119 370 3173 balis
387 3119 494 3184 mous,
512 3119 544 3172 de
560 3121 633 3172 auios
650 3119 747 3173 ferocia
768 3135 798 3172 ao
820 3117 973 3173 fortitudIne
996 3123 1085 3174 namet
1100 3119 1189 3174 Liuius
1205 3121 1223 3175 l.
1241 3138 1263 3176 o.
1298 3118 1461 3190 Desslosaa'e's

302 3207 441 3273 fratribus,
462 3207 506 3276 qui
523 3207 669 3275 captatam
686 3204 776 3275 Capua
802 3207 1005 3260 coniurationem
1028 3207 1056 3259 in
1073 3207 1204 3262 Romarm
1229 3207 1356 3272 fecerunt,
1381 3205 1461 3259 tradIt

303 3292 372 3347 idem
379 3292 492 3356 XXVII,
509 3291 535 3346 3.
562 3291 629 3344 Olim
646 3307 679 3345 ex
695 3291 820 3362 Naugerii
838 3293 986 3346 coniectura
1002 3292 1054 3347 h.l.
1072 3294 1196 3347 edebatur
1212 3293 1324 3364 Μαρίου,
1336 3292 1460 3356 Blossios,

303 3382 439 3448 propterea
455 3377 523 3447 quod
541 3378 569 3430 in
586 3377 706 3432 Pisonem
723 3377 741 3432 l.
758 3379 776 3431 l.
811 3379 904 3432 Decios
922 3379 1021 3448 Hagios
1040 3393 1098 3431 cum
1107 3379 1218 3434 Vibellio
1237 3380 1338 3434 Taurea
1355 3378 1460 3434 coniun-

304 3465 357 3533 φη
375 3464 422 3518 sed
438 3464 476 3517 ibi
493 3463 596 3518 Pisonis
613 3464 756 3517 insectandi
773 3480 851 3517 causa
867 3465 958 3535 laudet
973 3465 1075 3518 illorum
1092 3465 1222 3519 hominum
1240 3467 1318 3520 animi
1334 3465 1460 3534 magnilo-

304 3551 399 3617 dinem,
417 3566 448 3605 ao
465 3550 538 3604 Decii
555 3550 634 3619 liegii
650 3551 832 3604 Romanorum·
842 3552 918 3604 amici
935 3551 1037 3605 fuerant
1053 3551 1273 3622 Hannibalemque
1290 3569 1306 3605 a
1322 3550 1459 3619 (lampenis

303 3637 384 3705 recipi
403 3636 448 3690 diu
459 3637 644 3706 prohibuerant
660 3638 728 3702 (Lir.
740 3637 840 3703 XXIII,
858 3639 897 3702 'ils
916 3655 995 3708 quare
1012 3639 1046 3692 ab
1063 3639 1193 3704 hocloco,
1210 3653 1260 3707 quo
1273 3638 1477 3706 Campanorum·

303 3723 367 3777 vicia
383 3727 619 3788 commemorantur,
633 3724 776 3792 Hag‘orum
793 3724 889 3777 mentio
906 3726 1001 3779 modos
1020 3725 1101 3778 abest

389 3825 431 3880 94.
450 3827 631 3892 tunicatorum,
649 3844 699 3882 non
717 3831 876 3897 togatorum,
898 3829 985 3896 quales
1003 3829 1101 3881 Romae
1122 3829 1150 3880 in
1167 3828 1222 3882 loro
1240 3830 1321 3881 erant.
1357 3825 1394 3880 At
1411 3825 1459 3880 (la-

302 3924 369 3977 pnae
386 3913 414 3963 et
431 3915 538 3989 propter
554 3912 663 3965 maiores
681 3912 743 3965 solis
761 3913 860 3965 calores
877 3915 905 3964 et
921 3913 982 3983 quia
999 3911 1099 3987 decoris
1116 3911 1314 3981 negligentiores
1331 3915 1399 3976 sunt,
1419 3915 1460 3964 tu·
1530 3927 1534 3937 ·

303 3996 388 4048 nicam
406 3995 489 4050 solam
506 3980 648 4052 iuduebant
664 3999 787 4063 homiues,
808 3999 905 4050 Romae
927 3998 1030 4067 qmdem
1047 4001 1148 4050 tantum
1171 3996 1307 4052 admodum
1325 4012 1459 4067 pauperes.

303 4080 389 4146 Quare
407 4081 468 4136 Hor.
486 4081 568 4152 HpIst
586 4082 607 4148 1,
624 4085 649 4148 7,
667 4083 700 4138 65
715 4086 858 4137 tunicatam
871 4085 1012 4152 popellum,
1030 4083 1091 4136 'Iac
1109 4083 1175 4136 bial.
1194 4083 1226 4136 de
1242 4083 1306 4137 or.7
1323 4083 1415 4152 oalpoa
1436 4088 1462 4134 et

302 4167 447 4221 tunicam
459 4169 587 4238 papulam
603 4168 781 4238 appellet-
802 4167 908 4222 Albana
926 4185 962 4223 sc.
980 4170 1031 4234 via,
1049 4169 1122 4223 dous
1140 4173 1195 4223 erat
1210 4170 1238 4222 in
1257 4168 1353 4237 oppido
1372 4167 1460 4237 Capua
1556 4185 1559 4189 ·

300 4257 563 4324 commemoraturum
585 4257 662 4307 eliam
681 4254 751 4323 apud
767 4254 826 4309 Vel.
843 4256 911 4310 liar.
929 4254 977 4320 IX,
997 4256 1025 4321 13
1044 4253 1167 4324 Seplasia
1184 4254 1277 4324 platea,
1300 4255 1328 4307 iu
1345 4269 1397 4322 qua
1413 4269 1459 4306 un·

300 4332 433 4408 guentarii
450 4341 576 4410 negotiari
594 4341 726 4407 solebant;
744 4342 776 4396 cl.
793 4342 863 4396 Fest.
880 4357 901 4395 s.
921 4359 954 4406 u,
972 4341 1065 4396 Ascon.
1083 4356 1109 4410 p.
1129 4341 1170 4406 10,
1187 4340 1239 4394 (lic.
1257 4342 1285 4394 in
1303 4340 1356 4394 Pis.
1376 4338 1459 4405 lata

300 4426 327 4475 et
344 4438 371 4492 p.
381 4422 484 4491 Sestss,
497 4426 536 4479 la.
554 4452 588 4463 —
606 4442 656 4494 pao
674 4425 851 4480 &amaeam
866 4427 884 4483 i.
898 4442 920 4480 e.
937 4443 988 4496 quo
1007 4428 1116 4481 dixisset
1133 4443 1160 4480 se
1177 4430 1238 4495 post
1249 4442 1339 4480 aenam
1356 4426 1459 4478 iturum.

299 4506 370 4562 uem
387 4508 541 4564 densatam
557 4514 588 4565 ut
603 4511 753 4581 plerumque
770 4511 894 4568 minantis
912 4518 964 4580 est,
987 4517 1026 4570 ita
1042 4530 1226 4584 nonnunquam
1242 4519 1283 4568 est
1300 4530 1357 4568 cum
1375 4513 1460 4583 graui-

301 4597 357 4648 tate
379 4598 457 4664 atque
479 4599 633 4653 auotorItate
653 4596 770 4653 dicentia
813 4599 870 4655 Hoc
896 4600 998 4671 quidem
1023 4601 1081 4656 loeo
1102 4599 1192 4656 (licere
1218 4600 1348 4653 mmcatee
1375 4596 1459 4668 plebIe

301 4678 450 4750 (lampenae
467 4698 610 4739 sermonem
629 4684 753 4740 Imitatur.
787 4683 836 4739 aas
854 4688 941 4740 autem
957 4685 1023 4740 Iseo
1039 4686 1187 4741 muieetma
1203 4682 1347 4739 amoma
1376 4680 1458 4734 Paulo
