3550 5492
786 605 999 670 ..ῃ-

306 764 384 830 dria
405 772 577 852 cunctaque
599 764 781 851 Aegyptus?
808 772 844 830 ut
872 767 988 855 occulte
1010 765 1123 829 latent!
1151 771 1186 830 ut
1207 767 1363 837 recondita
1385 771 1469 835 sunt!

303 872 348 933 nt
368 868 477 933 furtim
498 875 563 934 tota
577 869 683 935 Xviris
704 868 885 933 traduntnrl
923 867 998 950 Quis
1021 865 1104 928 enim
1120 872 1256 930 vestrum
1272 867 1327 932 hoc
1350 870 1470 952 ignorat

307 974 374 1039 dici
396 974 476 1039 illud
491 996 619 1058 regnum
634 978 818 1039 testamento
841 973 922 1057 regis
939 971 1109 1036 Alexandri
1130 971 1236 1056 populi
1251 973 1382 1037 Romani
1403 993 1469 1037 esse

306 1076 448 1143 iactum?
491 1079 549 1144 Hic
571 1099 626 1162 ego
649 1078 755 1143 consul
776 1078 883 1163 populi
904 1076 1035 1141 Romani
1058 1097 1119 1139 non
1146 1076 1235 1141 modo
1256 1077 1335 1141 nihil
1358 1076 1468 1159 iudico,

307 1180 365 1246 sed
388 1202 427 1245 ne
450 1181 525 1265 quid
548 1180 681 1244 sentiam
695 1178 822 1262 quidem
837 1182 964 1264 profero.
998 1179 1111 1262 Magna
1133 1179 1216 1243 enim
1238 1180 1315 1243 milri
1338 1201 1470 1245 resnou

308 1284 402 1350 modo
425 1284 463 1348 ad
485 1283 695 1365 statuendum,
718 1282 887 1348 sedetiam
909 1285 948 1348 ad
970 1283 1133 1348 dicendum
1156 1284 1377 1349 videturesse.
1414 1286 1469 1348 Vi-

397 1449 502 1491 41.1aua
515 1468 539 1478 -
553 1449 664 1489 recondita
678 1451 715 1491 est.
729 1467 754 1477 -
768 1449 872 1488 truditur.
884 1468 910 1477 -
924 1449 982 1497 repis
996 1447 1084 1488 Alexae.
1111 1504 1114 1511 Ι

308 1578 480 1634 confirmasse
501 1577 533 1632 de
550 1581 705 1631 testamento
728 1577 797 1630 iacto
815 1577 875 1641 (huc
897 1578 965 1631 enim
987 1578 1100 1644 pertinet
1120 1576 1227 1645 pluralis
1244 1576 1307 1630 liaeo
1325 1579 1338 1642 ξ
1356 1577 1408 1641 42).
1442 1578 1467 1630 Is

307 1666 462 1735 Philippus,
488 1664 607 1733 quoniam
633 1667 764 1733 tamquam
791 1679 900 1733 magnae
928 1665 1088 1717 auctoritatis
1109 1665 1149 1716 nir
1176 1667 1202 1715 et
1224 1665 1267 1731 qui
1289 1666 1386 1732 optime
1409 1680 1468 1718 cau-

307 1768 367 1806 sam
395 1752 478 1821 ipsam
505 1765 658 1818 cognoscere
685 1751 810 1819 potuerit,
831 1750 963 1814 laudatur,
990 1766 1040 1803 non
1062 1753 1150 1818 potest
1173 1766 1230 1803 esse
1253 1749 1335 1814 filius,
1363 1766 1416 1804 cos.
1434 1749 1467 1803 56

309 1855 336 1892 a.
355 1837 424 1902 Ohr,
442 1836 488 1889 sed
505 1841 591 1905 pater,
618 1837 727 1904 insignis
745 1835 882 1904 prudentia
909 1840 985 1905 atque
1003 1837 1162 1906 eloquentia,
1180 1852 1232 1890 cos.
1251 1839 1311 1889 anni
1329 1838 1375 1902 91,
1393 1853 1467 1905 quem

308 1927 375 1994 post
392 1922 478 1977 Sullae
497 1922 649 1976 dictaturam
667 1923 776 1974 multum
795 1924 822 1975 in
840 1927 931 1976 senatu
949 1924 1064 1990 potuisse
1086 1924 1187 1976 scimus
1227 1922 1312 1990 lpsam
1336 1927 1420 1975 autem
1439 1923 1467 1975 L.

307 2009 428 2078 Philippi
444 2007 664 2062 confirmationem
681 2009 707 2060 in
726 2012 817 2061 senatu
835 2009 929 2062 iactam
947 2025 1005 2062 esse
1023 2010 1133 2062 arbitror
1150 2010 1218 2062 circa
1236 2025 1330 2062 annum
1348 2010 1468 2073 rostra,

307 2112 369 2150 cum
392 2095 424 2148 de
446 2095 526 2149 altero
549 2094 617 2147 bello
636 2094 809 2148 Mithridatico
831 2099 858 2148 et
880 2095 913 2147 de
938 2110 1018 2162 regno
1036 2093 1186 2162 Gyrerraico,
1213 2094 1282 2164 quod
1303 2096 1365 2148 item
1383 2094 1468 2148 Ptole-

306 2197 443 2237 maeorum
459 2181 550 2245 fuerat,
568 2180 692 2233 Romanis
709 2181 805 2236 relicta
817 2185 947 2249 ageretur3
971 2198 1029 2234 nam
1048 2180 1136 2235 Cicero
1156 2183 1191 2235 ait
1208 2183 1222 2246 ξ
1240 2182 1274 2234 42
1292 2184 1414 2236 rneruorio
1433 2191 1468 2235 te·

309 2284 370 2333 neo,
387 2272 517 2336 tamquam
536 2266 567 2319 de
585 2283 622 2330 re,
639 2282 704 2334 quae
721 2272 748 2320 et
765 2271 825 2321 ante
843 2269 951 2321 multum
967 2272 1069 2336 tempus
1087 2269 1209 2322 acciderit
1226 2273 1253 2322 et
1271 2271 1303 2323 ab
1321 2271 1379 2338 ipso
1396 2287 1469 2340 prae·

309 2358 386 2409 sente
404 2353 491 2407 audita
509 2354 557 2416 sit;
574 2353 699 2406 interesse
708 2357 793 2406 autem
803 2355 905 2408 senatui
914 2355 1000 2423 coepit
1017 2354 1105 2408 Cicero
1118 2359 1178 2424 post
1186 2358 1350 2422 quaesturam
1362 2355 1467 2425 anniti.

308 2441 379 2495 'I'nm
398 2454 465 2492 anno
483 2439 517 2494 65
534 2439 567 2492 ri
581 2438 690 2493 Crassus
708 2442 735 2493 in
753 2456 861 2494 censura
879 2442 1042 2494 uehementer
1059 2445 1155 2510 egerat,
1174 2445 1203 2495 ut
1215 2440 1349 2509 Aegyptus
1366 2442 1393 2494 in
1412 2458 1470 2510 pro·

306 2526 410 2581 vinciae
427 2526 536 2580 formam
554 2526 713 2594 redigeretur
730 2526 808 2591 (Plut.
827 2526 911 2580 Graes
932 2526 987 2591 13),
1006 2527 1052 2580 sed
1075 2529 1223 2581 restiterunt
1241 2527 1270 2590 Q.
1290 2527 1381 2581 Catulo
1399 2529 1469 2596 prin·

307 2613 368 2682 cipe
386 2613 534 2681 optimates,
546 2613 590 2682 qni
600 2612 718 2667 Auletem
728 2615 826 2667 socium
850 2617 926 2681 atque
937 2615 1047 2667 amicum
1058 2613 1148 2682 populi
1161 2614 1269 2666 Romani
1287 2613 1468 2682 appellandum

307 2701 443 2762 curarunt,
460 2699 529 2751 unde
546 2698 573 2754 6.
593 2699 698 2753 Caesari
715 2716 781 2752 anno
800 2701 834 2753 64
855 2715 933 2752 causa
955 2700 1055 2763 extitit,
1079 2703 1108 2752 ut
1125 2698 1213 2765 fugato
1236 2699 1268 2750 ab
1286 2698 1468 2752 Alexandrinis

305 2799 370 2854 rege
395 2784 489 2838 Aulete
517 2785 714 2839 extraordinarii
739 2786 840 2854 imperii
866 2787 1026 2839 occasionem
1053 2787 1186 2852 quaereret
1208 2783 1295 2847 (Suet.
1319 2782 1391 2836 Caes.
1412 2786 1468 2847 11).

308 2869 396 2937 Quare
413 2869 458 2938 qni
475 2869 490 2933 ξ
508 2869 542 2922 42
561 2869 701 2922 afferuntur
718 2885 813 2933 eorum,
832 2870 876 2936 qni
893 2869 1041 2938 Aegyptum
1058 2870 1085 2921 in
1103 2869 1260 2936 provinciam
1278 2869 1360 2935 redigi
1377 2869 1468 2930 nolint,

306 2969 450 3029 sermones,
468 2969 513 3008 eos
532 2955 693 3022 opdmatium
706 2969 764 3007 esse
781 2954 964 3021 intelligemus,
976 2954 1020 3021 qui
1038 2954 1087 3006 etsi
1104 2954 1131 3004 in
1149 2954 1240 3005 senatu
1252 2956 1313 3005 tunc
1323 2953 1382 3021 plus
1399 2954 1468 3006 rale-

307 3042 383 3106 bant,
400 3041 477 3095 facile
500 3043 586 3094 tamur
610 3041 679 3109 apud
700 3025 823 3110 popilum
842 3057 857 3092 a
875 3040 905 3095 P.
923 3040 1000 3093 Rullo
1018 3040 1087 3092 vinci
1105 3041 1231 3108 poterant.
1276 3038 1327 3091 Sed
1350 3039 1394 3091 ille
1411 3055 1468 3102 rex,

306 3129 354 3196 qui
371 3130 554 3181 mamertum
577 3127 608 3180 de
626 3130 746 3198 Aegypto
769 3127 938 3196 relinquenda
963 3127 1038 3192 fecit,
1065 3126 1192 3196 quomodo
1214 3130 1254 3179 est
1280 3127 1466 3195 appellandus?

306 3213 486 3268 Alexandrum
504 3214 596 3282 reliqui
613 3215 752 3282 scriptores
764 3214 905 3282 appellant,
923 3228 970 3266 nec
982 3214 1087 3266 dubium
1100 3216 1148 3277 est,
1161 3213 1222 3280 quin
1240 3213 1276 3265 ita
1288 3214 1365 3265 etiam
1378 3211 1466 3266 Cicero

306 3299 430 3368 appellet.
465 3301 543 3369 Apud
560 3316 635 3369 quem
653 3316 710 3353 cum
727 3304 767 3354 ter
785 3303 937 3366 nominetur,
955 3302 1065 3370 primurn
1082 3304 1147 3355 orat.
1164 3298 1177 3351 I
1193 3300 1225 3353 de
1234 3299 1283 3368 leg.
1301 3315 1355 3369 agr.
1371 3301 1394 3363 l,
1411 3304 1467 3364 tum

305 3385 349 3438 bis
367 3383 418 3438 hac
435 3385 614 3453 paragrapho,
631 3386 685 3438 illic
707 3387 789 3438 omnis
812 3387 930 3440 codicum
952 3389 1093 3440 auctoritas
1109 3385 1287 3439 Alexandrum
1310 3389 1408 3449 tuetur,
1425 3386 1466 3438 his

306 3471 374 3524 locis
391 3471 453 3523 item
471 3472 583 3540 optimus
602 3471 683 3524 codex
700 3487 757 3525 cum
775 3472 825 3524 leri
840 3488 940 3537 errore,
958 3473 1049 3541 reliqui
1070 3473 1130 3526 libri
1148 3489 1195 3526 ms.
1219 3473 1315 3525 habent
1333 3471 1402 3526 Alea
1425 3473 1466 3525 uel

297 3548 405 3622 'Alexa
423 3556 513 3621 Aleae,
531 3557 577 3610 sed
594 3559 688 3625 partim
705 3558 800 3611 lineola
811 3559 941 3626 imposita,
959 3574 1024 3627 quae
1036 3561 1194 3611 contractum
1212 3573 1269 3611 esse
1281 3573 1373 3613 nomen
1387 3558 1467 3625 signi·

308 3641 381 3696 licat.
415 3641 536 3710 Improbe
554 3643 633 3712 igitur
650 3659 744 3697 nomen
761 3643 878 3708 Alexae,
897 3660 947 3712 quo
965 3646 1119 3697 recentiores
1141 3643 1254 3696 editores
1277 3643 1318 3695 usi
1335 3646 1402 3694 sunt.
1437 3642 1467 3693 ld

307 3742 404 3783 nomen
421 3743 473 3781 non
490 3729 638 3796 infrequens
656 3731 683 3782 iu
701 3731 777 3798 Syria
799 3735 824 3783 et
843 3730 964 3800 Aegypto
987 3731 1035 3783 fuit
1052 3729 1268 3798 (Ioseph-Antiq.
1286 3727 1376 3791 XVII,
1395 3728 1417 3790 l,
1437 3729 1465 3789 13

307 3814 370 3868 bell.
387 3813 445 3866 Iud.
463 3813 491 3877 1,
509 3813 555 3881 28,
573 3816 603 3880 6;
629 3815 733 3870 Letron.
756 3816 862 3870 Colleet.
886 3817 966 3870 Inscr.
984 3817 1086 3884 Aegyp.
1103 3816 1127 3868 11
1145 3831 1171 3883 p.
1195 3814 1229 3867 66
1247 3817 1272 3865 et
1293 3814 1350 3877 64),
1373 3813 1420 3866 sed
1439 3814 1466 3865 in

307 3899 425 3968 Aegypti
441 3902 529 3952 tamen
545 3903 649 3970 regibus
667 3917 718 3955 non
736 3904 868 3956 usitatum.
886 3931 920 3940 —
939 3902 1085 3956 audeatur.
1125 3900 1170 3953 Sic
1187 3898 1220 3952 de
1237 3899 1384 3952 coniectura
1404 3900 1467 3952 scri·

306 3987 422 4056 paurum
439 4001 499 4038 nam
517 3987 577 4041 libri
594 4003 641 4040 ms.
662 4003 750 4041 omnes
771 3988 867 4042 habent
886 3988 1008 4042 truditur.
1035 3987 1086 4040 Sed
1104 4001 1191 4039 rursus
1212 3985 1290 4038 iidem
1308 3985 1385 4054 paulo
1408 3990 1467 4039 ante

306 4072 428 4126 scribunt
443 4073 578 4124 recondita
596 4080 656 4126 suot
672 4078 698 4127 et
716 4075 798 4129 latent
814 4075 845 4140 is,
862 4091 939 4144 quem
956 4090 1004 4143 pro
1023 4074 1122 4142 optimo
1141 4072 1264 4125 ducimus.
1306 4070 1391 4136 Quare
1408 4086 1466 4124 cum

305 4157 410 4210 [aulius
428 4158 567 4211 traduntur
584 4159 612 4211 in
635 4160 750 4212 traditur
772 4177 848 4230 quam
872 4169 911 4215 est
932 4163 959 4214 in
983 4168 1043 4213 aaut
1065 4160 1174 4212 transire
1196 4160 1313 4228 potuisse
1336 4158 1467 4212 uideretur

306 4258 357 4296 nec
375 4245 445 4296 certe
463 4258 625 4297 numerorum
643 4246 813 4314 inaequalitas
830 4248 1004 4315 lerri'posset,
1023 4246 1157 4299 emendare
1175 4263 1226 4299 non
1240 4245 1466 4298 dubitavimus.-

305 4344 340 4382 nc
358 4328 426 4395 quid
441 4330 550 4382 sentiam
569 4332 679 4398 quidem.
716 4333 810 4386 Notum
828 4337 868 4386 est
885 4334 980 4387 secure
997 4349 1075 4401 saepe
1086 4333 1154 4396 idem
1166 4349 1224 4387 esse
1242 4347 1272 4385 ac
1290 4348 1400 4395 camere,
1417 4348 1467 4399 qua

307 4413 340 4468 de
358 4430 387 4468 re
408 4417 435 4468 et
452 4415 498 4468 alii
515 4416 636 4470 dixerunt
653 4423 679 4471 et
696 4419 810 4487 Madvig.
829 4419 863 4472 ad
880 4419 932 4473 (iic.
951 4419 982 4472 de
994 4419 1115 4485 fin.11‚3,
1131 4420 1177 4472 sed
1195 4419 1322 4489 quomodo
1341 4417 1467 4485 discrepet

306 4501 342 4555 ab
360 4500 512 4565 iudicando,
530 4503 606 4556 docet
622 4504 664 4556 hic
681 4505 761 4557 locus.
791 4504 906 4559 ludicare
924 4509 965 4560 est
987 4507 1095 4559 testibus
1114 4507 1322 4576 argumentisque
1339 4506 1467 4572 utrimque

307 4587 407 4642 audifls
426 4591 503 4655 atque
519 4591 672 4643 examinatis
689 4591 750 4660 quid
768 4607 855 4645 rerum
873 4608 930 4646 esse
949 4593 1066 4646 videatur
1083 4594 1209 4662 proferre,
1228 4593 1323 4647 sentire
1340 4594 1381 4644 est
1398 4589 1467 4642 nulla

294 4674 461 4745 ,quaestione
478 4675 599 4730 instituta
620 4693 667 4732 nec
684 4693 763 4732 carisa
780 4679 828 4733 rite
846 4680 950 4750 cognita
968 4679 1029 4749 quid
1052 4679 1183 4743 arbitrere,
1199 4679 1322 4732 indicare.
1357 4676 1422 4729 Huic
1439 4674 1466 4729 iu
