3550 5492
719 567 933 630 ..27..

245 726 327 791 meis
349 726 517 792 maioribus
538 726 662 791 dicendi
681 727 812 793 facultas
839 749 902 793 non
924 729 1032 809 datur,
1061 750 1123 793 666
1150 748 1300 813 quonou
1327 731 1404 795 tales

245 828 374 912 fuerint,
396 829 502 914 quales
524 852 579 896 nos
600 821 724 896 illorum
746 830 906 913 sanguinis
929 830 1153 914 discipulosque
1170 830 1290 916 ,videtis
1312 833 1404 898 insti·
1481 876 1482 879 =

245 939 396 1015 tutorum,
418 934 472 998 sed
493 935 574 1017 quod
595 935 686 1000 laude
701 935 842 1021 populari
864 939 955 1017 atque
977 932 1101 997 honoris
1117 934 1212 998 vostri
1233 934 1404 1000 1116666111-

245 1043 348 1102 erunt.
385 1036 431 1100 De
452 1058 502 1101 me
524 1042 630 1102 autem
651 1039 718 1123 ipso
732 1059 837 1103 vereor
858 1059 899 1101 ne
921 1038 1091 1120 arrogantis
1113 1038 1155 1102 sit
1176 1039 1258 1123 apud
1281 1059 1334 1103 vos
1357 1039 1429 1103 ili-r

244 1161 329 1223 cere,
358 1140 472 1224 ingrati
499 1148 609 1207 tacere.
658 1143 739 1206 Nam
768 1148 799 1207 et
825 1141 938 1226 quibus
973 1140 1085 1204 studiis
1111 1140 1192 1204 hanc
1220 1140 1404 1225 dignitatem

244 1232 428 1309 consecutus
456 1245 516 1340 sim
545 1250 659 1310 memet
688 1246 793 1332 ipsum
815 1265 1052 1311 commemorare
1074 1264 1221 1329 perquam
1242 1236 1336 1328 grave
1357 1253 1405 1311 est

247 1353 280 1410 61
302 1343 394 1410 611616
416 1344 571 1410 detentis
594 1344 706 1409 vostris
728 1345 884 1412 benefieiis
907 1346 1102 1413 nullomodo
1124 1368 1260 1431 possum.
1305 1349 1404 1424 Quare

243 1447 483 1512 adhibebitura
510 1452 560 1512 m'o
588 1454 671 1512 certa
697 1448 776 1513 ratio
804 1449 1031 1533 moderatioque
1060 1447 1197 1529 dicendi,
1231 1455 1267 1513 ut
1288 1449 1403 1533 quida

242 1549 333 1614 vobis
355 1549 525 1634 acceperim
547 1569 795 1614 commemorem:
826 1573 921 1634 quare
949 1552 1061 1635 dignus
1082 1557 1185 1616 vestro
1206 1572 1327 1616 summe
1348 1553 1403 1618 ho·

242 1671 319 1718 nore
341 1651 402 1719 sim
416 1652 629 1739 singularique
643 1652 767 1736 iudicio,
789 1653 856 1740 ipse
871 1652 989 1718 modico
1012 1653 1122 1736 dicam,
1145 1655 1172 1718 si
1187 1674 1312 1719 necesse
1334 1656 1401 1738 erit,

330 1895 368 1926 nee
381 1865 469 1926 iiterurrr
485 1889 589 1936 16666166
611 1894 694 1930 creatos
713 1890 874 1940 disciplinisque
891 1887 997 1930 irretiiuier
1009 1888 1090 1929 vidctis.
1107 1909 1131 1919 -
1148 1875 1213 1929 1616
1226 1890 1272 1940 ipso
1285 1895 1362 1931 autern.
1377 1909 1402 1922 -

240 1956 323 1997 bonore
336 1956 485 2006 singularique
497 1958 577 1997 iudicio
587 1959 637 1998 'rire

298 2153 336 2206 i.
354 2154 386 2207 de
403 2171 443 2208 rrre
461 2162 546 2225 auteur
563 2158 628 2226 ipso.
669 2157 796 2210 Vitiosum
817 2163 885 2221 erat,
908 2159 975 2226 quod
998 2174 1031 2210 611
1049 2159 1105 2212 cod.
1123 2159 1176 2211 Eri.
1194 2175 1280 2212 errore
1298 2157 1401 2229 quidam

240 2242 402 2309 scripserunt
424 2243 516 2296 derue
537 2246 595 2313 ipso
612 2253 706 2298 auteur.
746 2235 834 2312 Neque
856 2245 925 2296 66161
948 2259 1021 2310 pron.
1039 2245 1094 2312 ipse
1112 2245 1241 2300 ita.alteri
1258 2249 1401 2313 pronomini

240 2329 399 2396 adirmgitur,
416 2334 446 2382 ut
462 2345 512 2382 non
528 2331 685 2384 intercedere
697 2332 789 2383 debeat
806 2328 940 2397 particula,
957 2345 1033 2397 quam
1051 2330 1083 2381 ab
1100 2330 1174 2382 initio
1192 2332 1333 2383 sententiae
1350 2333 1401 2384 col·

238 2416 320 2469 locari
342 2432 394 2470 nen
416 2417 483 2470 licet.
518 2417 585 2470 Nam
608 2418 652 2470 ubi
674 2417 724 2470 duo
748 2418 830 2484 prima
847 2414 972 2467 voeabula
989 2416 1133 2484 necessario
1155 2417 1303 2480 cohaerent,
1326 2419 1401 2471 tertio

239 2500 296 2554 loco
310 2503 382 2570 poni
405 2508 498 2566 661661,
520 2503 610 2570 191166,
632 2503 700 2554 euim
720 2505 817 2555 rectum
839 2502 880 2552 est
897 2498 940 2564 (ei.
958 2498 1043 2552 ltiadr.
1061 2499 1094 2551 ad
1112 2499 1164 2553 (lic.
1182 2501 1213 2553 de
1231 2501 1274 2554 fin.
1292 2502 1328 2565 II,
1346 2501 1400 2566 33),

240 2586 355 2658 alioquin
380 2588 424 2640 rix
445 2586 606 2655 probandum
628 2590 817 2654 correctumque
840 2589 881 2637 est
903 2585 970 2653 quod
993 2585 1054 2638 olim
1076 2584 1107 2638 de
1125 2585 1169 2638 fin.
1189 2587 1226 2651 V,
1243 2587 1260 2640 3
1277 2588 1401 2641 edebatur

238 2688 370 2726 1666616116
388 2679 413 2726 te
430 2681 523 2727 autem,
557 2673 645 2741 lpsum
662 2673 739 2725 etiam
756 2672 828 2736 illud,
846 2670 913 2743 quod
931 2688 956 2738 p.
975 2670 1044 2724 Cael.
1058 2672 1082 2735 2,
1100 2673 1118 2723 4
1134 2671 1228 2739 legitur
1246 2675 1340 2741 spiritis
1349 2674 1400 2727 no-

238 2756 312 2808 mani
328 2763 416 2810 auteur
433 2771 486 2810 esse
497 2757 592 2824 filiurn,
610 2758 659 2810 etsi
676 2772 755 2810 661166
772 2772 816 2809 cur
834 2756 871 2808 116
882 2755 983 2822 legatur
996 2760 1112 2823 apparet,
1129 2762 1230 2824 poterat
1246 2776 1298 2813 non
1314 2762 1400 2813 minus

238 2843 308 2895 recte
325 2840 378 2894 dici
395 2842 488 2909 equitia
505 2849 592 2895 eutem
608 2841 729 2894 ltorueui.
748 2869 781 2878 -
802 2856 884 2908 graec
903 2846 941 2892 est
957 2840 1020 2891 mihi
1040 2840 1092 2907 ipsi
1110 2840 1250 2908 pudorique
1268 2859 1338 2906 meo,
1356 2845 1400 2910 qui

239 2940 316 2993 aegre
333 2941 375 2978 ma
392 2925 425 2990 de
442 2927 557 2994 meipso
575 2926 659 2979 dicere
677 2927 796 2993 patiatur,
813 2923 903 2976 eadem
921 2923 1107 2992 significatione
1128 2926 1255 2994 similique
1272 2929 1400 2982 sententia

237 3014 315 3081 atque
333 3012 410 3080 epist
427 3011 463 3075 ll,
480 3011 509 3075 6,
529 3012 541 3064 1
559 3027 641 3080 preve
659 3019 698 3064 est
723 3011 791 3063 661111
813 3003 911 3063 toruior·
924 3009 1035 3079 pudenti
1048 3018 1137 3079 peiere
1155 3012 1258 3081 aliquid
1278 3031 1399 3082 meque-m

237 3097 269 3150 ab
287 3113 326 3169 eo,
344 3098 376 3151 de
392 3115 443 3166 quo
460 3115 487 3164 ee
504 3098 564 3152 berre
581 3100 700 3152 meritum
715 3105 801 3167 puiei,·
819 3113 879 3149 nam
895 3097 980 3164 ipsum
997 3096 1062 3149 illud
1079 3097 1163 3150 dicere
1183 3101 1398 3164 6161166116,1.6.

236 3183 317 3236 rerba
333 3184 361 3237 in
378 3189 499 3253 promptu
516 3190 596 3238 61661
631 3185 750 3239 Notabile
769 3183 852 3239 661661
870 3188 918 3248 est,
935 3184 1004 3252 quod
1021 3184 1053 3237 de
1069 3185 1209 3240 honoribus
1233 3188 1283 3240 sibi
1306 3188 1398 3241 delatis

236 3267 314 3321 silere
331 3281 361 3320 se
378 3283 431 3321 non
447 3283 524 3337 posse
542 3270 586 3334 ait,
604 3287 661 3322 cum
679 3274 754 3323 66166
772 3269 865 3323 dixerit
886 3271 982 3338 ingrati
1003 3287 1059 3323 esse
1078 3267 1171 3327 iecere.
1207 3273 1333 3327 Nimirum
1350 3276 1398 3327 hoc

235 3353 609 3429 1666161616616161166116,
632 3359 661 3407 ut
683 3355 714 3408 de
735 3357 862 3410 industria
879 3373 930 3410 non
948 3357 1029 3424 dicat3
1050 3359 1115 3411 illud
1132 3361 1195 3414 uihil
1218 3365 1258 3414 est
1279 3362 1329 3414 nisi
1346 3378 1397 3414 666
1418 3354 1421 3358 ’

236 3438 330 3491 dicere.
348 3465 382 3475 -
398 3439 426 3495 ei
441 3456 541 3493 6666666
559 3442 617 3493 erit.
653 3441 716 3495 Utro
734 3443 782 3496 hoe
799 3444 926 3511 pertinet?
955 3443 998 3496 Ad
1015 3461 1046 3496 ea
1063 3462 1129 3513 quae
1142 3447 1295 3500 antecedunt
1312 3465 1346 3499 66
1364 3448 1398 3500 ad

234 3539 351 3592 eaquae
374 3511 583 3593 consequuntur?
618 3527 742 3595 Equidem
764 3529 825 3582 illue
846 3530 942 3582 referre
960 3547 1011 3604 non
1029 3531 1125 3586 dubito.
1161 3534 1228 3586 Nam
1249 3535 1274 3585 si
1295 3550 1397 3586 rreceese

234 3611 294 3675 erit,
311 3611 392 3665 iidem
408 3613 602 3677 existimabitis,
620 3615 666 3681 qui
688 3617 816 3669 eerrsulerrr
832 3633 871 3670 rue
882 3616 987 3684 fecistis
1005 3617 1063 3680 (hoe
1080 3619 1148 3670 enim
1165 3622 1205 3671 ost
1222 3619 1416 3691 r'ruiieeaisiis)⁸

234 3697 299 3766 quid
314 3701 402 3766 potest
418 3705 493 3752 esse?
521 3701 551 3752 Si
569 3716 671 3754 necesse
689 3703 739 3755 erit
758 3704 880 3771 suppleas
899 3704 999 3756 eosdem
1016 3704 1178 3765 esistirrrcre,
1196 3719 1314 3769 perverse
1333 3694 1397 3756 11111-

234 3788 307 3852 peret
324 3784 446 3851 Quirites,
463 3787 537 3853 quasi
553 3788 573 3840 ii
590 3790 743 3841 necessitate
761 3793 860 3842 tantum
878 3789 911 3841 ad
923 3788 1129 3851 existimandum,
1146 3789 1163 3839 i⁴
1182 3804 1204 3839 6.
1222 3792 1252 3864 ut
1269 3804 1326 3840 cum
1344 3789 1398 3839 ani·

233 3871 282 3923 mis
300 3870 356 3923 suis
375 3873 495 3939 cogitent,
514 3873 686 3938 adducantur3
704 3875 745 3927 sin
762 3873 884 3941 suppleas
901 3889 940 3924 166
958 3871 1056 3923 modice
1074 3872 1167 3933 dicere,
1186 3875 1290 3939 pugnet
1301 3888 1404 3936 secum,
1436 3896 1439 3900 ⁴

232 3954 277 4020 qni
299 3953 474 4022 moderatione
498 3956 598 4010 dicendi
621 3961 817 4012 commemorata
840 3956 948 4010 tum‘de
969 3956 1127 4008 necessitate¹
1142 3956 1268 4024 loquatur.
1313 3958 1396 4022 Quare

232 4039 297 4093 iilud
314 4040 457 4094 6111666616
475 4043 526 4096 erit
542 4045 745 4112 coniungendam
764 4050 805 4098 est
824 4062 881 4097 61116
900 4060 930 4097 66
948 4042 1015 4110 quod
1033 4042 1163 4109 praecedit
1184 4045 1283 4098 modice
1301 4045 1395 4097 dr'ccrrr.

230 4123 347 4177 Primum
365 4123 397 4177 de
415 4127 509 4190 causis,
527 4143 571 4179 cur
589 4129 678 4182 consul
695 4129 778 4182 faetus
796 4131 843 4193 sit,
860 4129 924 4182 611111
942 4130 1058 4191 6166166,
1083 4131 1135 4180 1616
1154 4131 1176 4182 61
1194 4131 1344 4183 necessitate
1362 4132 1396 4184 ad

231 4208 369 4263 dicendum
387 4215 505 4279 cogatur,
528 4213 627 4266 modice
650 4213 734 4266 dicere
752 4219 832 4282 optat
868 4213 919 4266 Gur
938 4217 1021 4266 autem
1039 4214 1077 4265 616
1095 4218 1184 4281 optat?
1219 4215 1285 4279 Quia
1301 4217 1395 4270 Roma-

230 4309 288 4358 nos,
305 4295 351 4362 qui
368 4295 497 4349 consulem
515 4313 543 4350 se
561 4299 679 4363 crearint,
698 4303 772 4366 putat
789 4300 865 4369 etiam
885 4317 901 4350 a
917 4315 945 4351 se
962 4315 1012 4352 non
1031 4299 1174 4354 admonitos
1193 4304 1277 4353 166166
1295 4318 1394 4367 6611666,

230 4396 277 4433 cur
293 4380 414 4446 mearint,
432 4382 554 4436 memoria
572 4388 657 4436 166616
669 4388 787 4452 recteque
805 4385 836 4437 de
854 4386 886 4438 iis
899 4389 1019 4440 statuere.
1047 4385 1101 4440 Nec
1119 4387 1266 4441 Ciceronem
1284 4390 1395 4456 reperio,

230 4482 289 4518 cnm
306 4464 340 4517 de
357 4466 492 4521 consulatu
507 4469 565 4536 ipso
583 4467 835 4535 magnificentissime
852 4471 979 4540 loquatur,
997 4489 1101 4526 causam
1119 4474 1198 4526 ullam
1216 4475 1314 4543 gratiae
1332 4473 1394 4529 suae

231 4550 323 4605 afferre
349 4552 402 4606 nisi
423 4553 454 4627 16
476 4557 591 4608 61116616
612 4554 727 4609 61611666
745 4554 792 4618 37,
812 4551 872 4620 101,
901 4555 944 4607 ubi
967 4556 1118 4623 uipilcrrtcur
1143 4561 1170 4611 et
1196 4557 1344 4623 dilr'peniem
1365 4572 1393 4611 se

230 4637 354 4707 appellat
