<?xml version="1.0" encoding="UTF-8"?>
<!DOCTYPE html PUBLIC "-//W3C//DTD XHTML 1.0 Transitional//EN"
    "http://www.w3.org/TR/xhtml1/DTD/xhtml1-transitional.dtd">
<html xmlns="http://www.w3.org/1999/xhtml" xml:lang="en" lang="en">
 <head>
  <title>
</title>
<meta http-equiv="Content-Type" content="text/html;charset=utf-8" />
  <meta name='ocr-system' content='tesseract 3.04.00' />
  <meta name='ocr-capabilities' content='ocr_page ocr_carea ocr_par ocr_line ocrx_word'/>
</head>
<body>
  <div class='ocr_page' id='page_1' title='image "./orationestresde00cicegoog/orationestresde00cicegoog_0101.png"; bbox 0 0 3550 5492; ppageno 0'>
   <div class='ocr_carea' id='block_1_1' title="bbox 785 612 999 675">
    <p class='ocr_par' dir='ltr' id='par_1_1' title="bbox 785 612 999 675">
     <span class='ocr_line' id='line_1_1' title="bbox 785 612 999 675; baseline 0.019 -19"><span class='ocrx_word' id='word_1_1' title='bbox 785 612 999 675; x_wconf 73' lang='lat'>..61-</span> 
     </span>
    </p>
   </div>
   <div class='ocr_carea' id='block_1_2' title="bbox 306 768 1476 1166">
    <p class='ocr_par' dir='ltr' id='par_1_2' title="bbox 306 768 1476 1166">
     <span class='ocr_line' id='line_1_2' title="bbox 306 768 1476 859; baseline 0.006 -26"><span class='ocrx_word' id='word_1_2' title='bbox 306 769 405 852; x_wconf 81' lang='lat' dir='ltr'>longe</span> <span class='ocrx_word' id='word_1_3' title='bbox 426 768 494 833; x_wconf 89' lang='lat' dir='ltr'>iure</span> <span class='ocrx_word' id='word_1_4' title='bbox 515 769 669 836; x_wconf 79' lang='lat' dir='ltr'>libertatis</span> <span class='ocrx_word' id='word_1_5' title='bbox 691 772 799 836; x_wconf 80' lang='lat' dir='ltr'>octaris</span> <span class='ocrx_word' id='word_1_6' title='bbox 827 772 1005 838; x_wconf 71' lang='lat' dir='ltr'>ciuitatibus</span> <span class='ocrx_word' id='word_1_7' title='bbox 1033 774 1205 856; x_wconf 79' lang='lat' dir='ltr'>antecellit,</span> <span class='ocrx_word' id='word_1_8' title='bbox 1236 775 1400 859; x_wconf 87' lang='lat' dir='ltr'>imperium</span> <span class='ocrx_word' id='word_1_9' title='bbox 1422 782 1476 840; x_wconf 89' lang='lat' dir='ltr'>aut</span> 
     </span>
     <span class='ocr_line' id='line_1_3' title="bbox 307 876 1476 961; baseline 0.003 -24"><span class='ocrx_word' id='word_1_10' title='bbox 307 879 497 958; x_wconf 89' lang='lat' dir='ltr'>potestatem</span> <span class='ocrx_word' id='word_1_11' title='bbox 520 876 641 960; x_wconf 76' lang='lat' dir='ltr'>assequi</span> <span class='ocrx_word' id='word_1_12' title='bbox 665 884 803 960; x_wconf 82' lang='lat' dir='ltr'>possunt,</span> <span class='ocrx_word' id='word_1_13' title='bbox 819 878 894 959; x_wconf 90' lang='lat' dir='ltr'>qnid</span> <span class='ocrx_word' id='word_1_14' title='bbox 911 878 1022 940; x_wconf 77' lang='lat' dir='ltr'>attinet</span> <span class='ocrx_word' id='word_1_15' title='bbox 1036 877 1125 941; x_wconf 87' lang='lat' dir='ltr'>tertio</span> <span class='ocrx_word' id='word_1_16' title='bbox 1140 877 1240 961; x_wconf 90' lang='lat' dir='ltr'>oapite</span> <span class='ocrx_word' id='word_1_17' title='bbox 1262 877 1361 960; x_wconf 86' lang='lat' dir='ltr'>legem</span> <span class='ocrx_word' id='word_1_18' title='bbox 1376 879 1476 942; x_wconf 79' lang='lat' dir='ltr'>cirria-</span> 
     </span>
     <span class='ocr_line' id='line_1_4' title="bbox 308 977 1476 1064; baseline 0.002 -24"><span class='ocrx_word' id='word_1_19' title='bbox 308 982 378 1040; x_wconf 87' lang='lat' dir='ltr'>tam</span> <span class='ocrx_word' id='word_1_20' title='bbox 402 977 480 1041; x_wconf 82' lang='lat' dir='ltr'>ferre</span> <span class='ocrx_word' id='word_1_21' title='bbox 502 978 617 1058; x_wconf 89' lang='lat' dir='ltr'>iubere,</span> <span class='ocrx_word' id='word_1_22' title='bbox 640 980 786 1062; x_wconf 87' lang='lat' dir='ltr'>quoniam</span> <span class='ocrx_word' id='word_1_23' title='bbox 809 985 918 1062; x_wconf 86' lang='lat' dir='ltr'>quarto</span> <span class='ocrx_word' id='word_1_24' title='bbox 934 979 1103 1064; x_wconf 83' lang='lat' dir='ltr'>pennittas,</span> <span class='ocrx_word' id='word_1_25' title='bbox 1127 985 1162 1042; x_wconf 91' lang='lat' dir='ltr'>ut</span> <span class='ocrx_word' id='word_1_26' title='bbox 1184 979 1250 1042; x_wconf 89' lang='lat' dir='ltr'>sine</span> <span class='ocrx_word' id='word_1_27' title='bbox 1268 979 1334 1061; x_wconf 83' lang='lat' dir='ltr'>lege</span> <span class='ocrx_word' id='word_1_28' title='bbox 1357 979 1476 1043; x_wconf 88' lang='lat' dir='ltr'>curiata</span> 
     </span>
     <span class='ocr_line' id='line_1_5' title="bbox 307 1080 1476 1166; baseline 0.001 -21"><span class='ocrx_word' id='word_1_29' title='bbox 307 1080 395 1145; x_wconf 91' lang='lat' dir='ltr'>idem</span> <span class='ocrx_word' id='word_1_30' title='bbox 418 1082 497 1147; x_wconf 86' lang='lat' dir='ltr'>iuris</span> <span class='ocrx_word' id='word_1_31' title='bbox 511 1083 654 1164; x_wconf 73' lang='lat' dir='ltr'>habeant,</span> <span class='ocrx_word' id='word_1_32' title='bbox 678 1083 759 1165; x_wconf 91' lang='lat' dir='ltr'>quod</span> <span class='ocrx_word' id='word_1_33' title='bbox 775 1082 931 1164; x_wconf 82' lang='lat' dir='ltr'>haberent,</span> <span class='ocrx_word' id='word_1_34' title='bbox 947 1084 973 1147; x_wconf 92' lang='lat' dir='ltr'>si</span> <span class='ocrx_word' id='word_1_35' title='bbox 997 1082 1112 1166; x_wconf 88' lang='lat' dir='ltr'>optima</span> <span class='ocrx_word' id='word_1_36' title='bbox 1134 1081 1199 1163; x_wconf 83' lang='lat' dir='ltr'>lege</span> <span class='ocrx_word' id='word_1_37' title='bbox 1215 1102 1233 1144; x_wconf 89' lang='lat' dir='ltr'>a</span> <span class='ocrx_word' id='word_1_38' title='bbox 1247 1082 1359 1166; x_wconf 89' lang='lat' dir='ltr'>populo</span> <span class='ocrx_word' id='word_1_39' title='bbox 1375 1087 1476 1146; x_wconf 87' lang='lat' dir='ltr'>essent</span> 
     </span>
    </p>
   </div>
   <div class='ocr_carea' id='block_1_3' title="bbox 303 1242 1475 1361">
    <p class='ocr_par' dir='ltr' id='par_1_3' title="bbox 303 1242 1475 1361">
     <span class='ocr_line' id='line_1_6' title="bbox 392 1242 1475 1296; baseline -0.002 -11"><span class='ocrx_word' id='word_1_40' title='bbox 392 1247 508 1294; x_wconf 80' lang='lat' dir='ltr'>antecellit,</span> <span class='ocrx_word' id='word_1_41' title='bbox 527 1247 638 1294; x_wconf 80' lang='lat' dir='ltr'>qaisquam</span> <span class='ocrx_word' id='word_1_42' title='bbox 657 1247 722 1286; x_wconf 80' lang='lat' dir='ltr'>nullis</span> <span class='ocrx_word' id='word_1_43' title='bbox 737 1248 830 1288; x_wconf 79' lang='lat' dir='ltr'>comitiis</span> <span class='ocrx_word' id='word_1_44' title='bbox 848 1249 968 1296; x_wconf 78' lang='lat' dir='ltr'>imperium.</span> <span class='ocrx_word' id='word_1_45' title='bbox 991 1268 1016 1279; x_wconf 83' lang='lat'>-</span> <span class='ocrx_word' id='word_1_46' title='bbox 1037 1242 1123 1291; x_wconf 80' lang='lat' dir='ltr'>assequi</span> <span class='ocrx_word' id='word_1_47' title='bbox 1133 1246 1207 1290; x_wconf 79' lang='lat' dir='ltr'>possit.</span> <span class='ocrx_word' id='word_1_48' title='bbox 1221 1246 1279 1291; x_wconf 76' lang='lat' dir='ltr'>quid.</span> <span class='ocrx_word' id='word_1_49' title='bbox 1293 1265 1307 1272; x_wconf 91' lang='lat'><em>-</em></span> <span class='ocrx_word' id='word_1_50' title='bbox 1332 1245 1410 1292; x_wconf 79' lang='lat' dir='ltr'>iubere,</span> <span class='ocrx_word' id='word_1_51' title='bbox 1429 1256 1475 1284; x_wconf 82' lang='lat' dir='ltr'>eum</span> 
     </span>
     <span class='ocr_line' id='line_1_7' title="bbox 303 1315 393 1361; baseline -0.011 -10"><span class='ocrx_word' id='word_1_52' title='bbox 303 1315 393 1361; x_wconf 76' lang='lat' dir='ltr'>quarto.</span> 
     </span>
    </p>
   </div>
   <div class='ocr_carea' id='block_1_4' title="bbox 290 1432 1479 4170">
    <p class='ocr_par' dir='ltr' id='par_1_4' title="bbox 290 1432 1479 4170">
     <span class='ocr_line' id='line_1_8' title="bbox 305 1432 1477 1516; baseline 0.001 -23"><span class='ocrx_word' id='word_1_53' title='bbox 305 1440 445 1506; x_wconf 86' lang='lat' dir='ltr'>baberent,</span> <span class='ocrx_word' id='word_1_54' title='bbox 462 1442 486 1495; x_wconf 83' lang='lat' dir='ltr'>si</span> <span class='ocrx_word' id='word_1_55' title='bbox 504 1443 601 1511; x_wconf 90' lang='lat' dir='ltr'>optima</span> <span class='ocrx_word' id='word_1_56' title='bbox 619 1444 676 1511; x_wconf 83' lang='lat' dir='ltr'>lege</span> <span class='ocrx_word' id='word_1_57' title='bbox 694 1444 792 1496; x_wconf 87' lang='lat' dir='ltr'>curiata</span> <span class='ocrx_word' id='word_1_58' title='bbox 810 1444 873 1497; x_wconf 87' lang='lat' dir='ltr'>facti</span> <span class='ocrx_word' id='word_1_59' title='bbox 891 1453 985 1500; x_wconf 87' lang='lat' dir='ltr'>essent.</span> <span class='ocrx_word' id='word_1_60' title='bbox 1026 1448 1141 1516; x_wconf 86' lang='lat' dir='ltr'>iniquius</span> <span class='ocrx_word' id='word_1_61' title='bbox 1165 1452 1252 1515; x_wconf 69' lang='lat' dir='ltr'>atquo</span> <span class='ocrx_word' id='word_1_62' title='bbox 1264 1432 1382 1509; x_wconf 79' lang='lat' dir='ltr'>anibigue</span> <span class='ocrx_word' id='word_1_63' title='bbox 1401 1444 1477 1496; x_wconf 89' lang='lat' dir='ltr'>inter·</span> 
     </span>
     <span class='ocr_line' id='line_1_9' title="bbox 307 1527 1478 1602; baseline 0.003 -25"><span class='ocrx_word' id='word_1_64' title='bbox 307 1529 431 1594; x_wconf 81' lang='lat' dir='ltr'>pretatur·</span> <span class='ocrx_word' id='word_1_65' title='bbox 448 1527 525 1594; x_wconf 88' lang='lat' dir='ltr'>paulo</span> <span class='ocrx_word' id='word_1_66' title='bbox 542 1532 602 1596; x_wconf 87' lang='lat' dir='ltr'>post</span> <span class='ocrx_word' id='word_1_67' title='bbox 619 1527 706 1580; x_wconf 82' lang='lat' dir='ltr'>Cicero</span> <span class='ocrx_word' id='word_1_68' title='bbox 725 1528 750 1578; x_wconf 85' lang='lat' dir='ltr'>si</span> <span class='ocrx_word' id='word_1_69' title='bbox 767 1529 863 1597; x_wconf 82' lang='lat' dir='ltr'>optima</span> <span class='ocrx_word' id='word_1_70' title='bbox 888 1531 942 1600; x_wconf 82' lang='lat' dir='ltr'>que</span> <span class='ocrx_word' id='word_1_71' title='bbox 966 1551 982 1583; x_wconf 88' lang='lat' dir='ltr'>a</span> <span class='ocrx_word' id='word_1_72' title='bbox 998 1534 1095 1602; x_wconf 86' lang='lat' dir='ltr'>populo</span> <span class='ocrx_word' id='word_1_73' title='bbox 1114 1538 1196 1585; x_wconf 80' lang='lat' dir='ltr'>esseut</span> <span class='ocrx_word' id='word_1_74' title='bbox 1215 1530 1309 1591; x_wconf 85' lang='lat' dir='ltr'>creati,</span> <span class='ocrx_word' id='word_1_75' title='bbox 1328 1544 1417 1581; x_wconf 85' lang='lat' dir='ltr'>rursus</span> <span class='ocrx_word' id='word_1_76' title='bbox 1435 1544 1478 1581; x_wconf 83' lang='lat' dir='ltr'>ex-</span> 
     </span>
     <span class='ocr_line' id='line_1_10' title="bbox 307 1611 1475 1682; baseline 0.002 -20"><span class='ocrx_word' id='word_1_77' title='bbox 307 1611 453 1679; x_wconf 88' lang='lat' dir='ltr'>probrandi</span> <span class='ocrx_word' id='word_1_78' title='bbox 466 1627 544 1665; x_wconf 83' lang='lat' dir='ltr'>causa</span> <span class='ocrx_word' id='word_1_79' title='bbox 557 1614 688 1677; x_wconf 86' lang='lat' dir='ltr'>adiicieus‚</span> <span class='ocrx_word' id='word_1_80' title='bbox 707 1629 738 1665; x_wconf 87' lang='lat' dir='ltr'>ue</span> <span class='ocrx_word' id='word_1_81' title='bbox 750 1615 854 1666; x_wconf 91' lang='lat' dir='ltr'>tributis</span> <span class='ocrx_word' id='word_1_82' title='bbox 864 1616 967 1682; x_wconf 87' lang='lat' dir='ltr'>quidem</span> <span class='ocrx_word' id='word_1_83' title='bbox 978 1618 1087 1669; x_wconf 89' lang='lat' dir='ltr'>comitiis</span> <span class='ocrx_word' id='word_1_84' title='bbox 1105 1633 1149 1668; x_wconf 86' lang='lat' dir='ltr'>eos</span> <span class='ocrx_word' id='word_1_85' title='bbox 1162 1617 1244 1667; x_wconf 84' lang='lat' dir='ltr'>iactos</span> <span class='ocrx_word' id='word_1_86' title='bbox 1257 1630 1321 1666; x_wconf 85' lang='lat' dir='ltr'>esse.</span> <span class='ocrx_word' id='word_1_87' title='bbox 1342 1613 1475 1665; x_wconf 75' lang='lat' dir='ltr'>Diuersum</span> 
     </span>
     <span class='ocr_line' id='line_1_11' title="bbox 310 1699 1477 1769; baseline 0.001 -19"><span class='ocrx_word' id='word_1_88' title='bbox 310 1700 385 1750; x_wconf 84' lang='lat' dir='ltr'>esset</span> <span class='ocrx_word' id='word_1_89' title='bbox 403 1713 453 1766; x_wconf 87' lang='lat' dir='ltr'>quo</span> <span class='ocrx_word' id='word_1_90' title='bbox 471 1699 518 1766; x_wconf 86' lang='lat' dir='ltr'>qui</span> <span class='ocrx_word' id='word_1_91' title='bbox 534 1700 631 1769; x_wconf 82' lang='lat' dir='ltr'>optimo</span> <span class='ocrx_word' id='word_1_92' title='bbox 647 1702 697 1755; x_wconf 83' lang='lat' dir='ltr'>ie.</span> <span class='ocrx_word' id='word_1_93' title='bbox 715 1701 781 1754; x_wconf 81' lang='lat' dir='ltr'>iure.</span> <span class='ocrx_word' id='word_1_94' title='bbox 811 1702 849 1753; x_wconf 82' lang='lat' dir='ltr'>Ea</span> <span class='ocrx_word' id='word_1_95' title='bbox 866 1704 933 1754; x_wconf 90' lang='lat' dir='ltr'>enim</span> <span class='ocrx_word' id='word_1_96' title='bbox 952 1701 1062 1755; x_wconf 88' lang='lat' dir='ltr'>formula</span> <span class='ocrx_word' id='word_1_97' title='bbox 1081 1702 1188 1754; x_wconf 87' lang='lat' dir='ltr'>Romani</span> <span class='ocrx_word' id='word_1_98' title='bbox 1206 1705 1310 1753; x_wconf 83' lang='lat' dir='ltr'>utrrntur</span> <span class='ocrx_word' id='word_1_99' title='bbox 1327 1700 1359 1751; x_wconf 90' lang='lat' dir='ltr'>de</span> <span class='ocrx_word' id='word_1_100' title='bbox 1377 1715 1415 1763; x_wconf 87' lang='lat' dir='ltr'>eo,</span> <span class='ocrx_word' id='word_1_101' title='bbox 1434 1701 1477 1767; x_wconf 90' lang='lat' dir='ltr'>qui</span> 
     </span>
     <span class='ocr_line' id='line_1_12' title="bbox 310 1783 1479 1856; baseline -0.002 -20"><span class='ocrx_word' id='word_1_102' title='bbox 310 1785 465 1837; x_wconf 86' lang='lat' dir='ltr'>consuetam</span> <span class='ocrx_word' id='word_1_103' title='bbox 484 1800 513 1838; x_wconf 88' lang='lat' dir='ltr'>ao</span> <span class='ocrx_word' id='word_1_104' title='bbox 531 1790 618 1838; x_wconf 86' lang='lat' dir='ltr'>uotam</span> <span class='ocrx_word' id='word_1_105' title='bbox 636 1787 662 1839; x_wconf 92' lang='lat' dir='ltr'>in</span> <span class='ocrx_word' id='word_1_106' title='bbox 681 1788 810 1855; x_wconf 78' lang='lat' dir='ltr'>republica</span> <span class='ocrx_word' id='word_1_107' title='bbox 829 1790 982 1856; x_wconf 90' lang='lat' dir='ltr'>potestatem</span> <span class='ocrx_word' id='word_1_108' title='bbox 1001 1787 1101 1854; x_wconf 87' lang='lat' dir='ltr'>accipit,</span> <span class='ocrx_word' id='word_1_109' title='bbox 1119 1786 1188 1838; x_wconf 82' lang='lat' dir='ltr'>velari</span> <span class='ocrx_word' id='word_1_110' title='bbox 1206 1785 1271 1838; x_wconf 91' lang='lat' dir='ltr'>Phil.</span> <span class='ocrx_word' id='word_1_111' title='bbox 1282 1784 1313 1847; x_wconf 90' lang='lat' dir='ltr'>V,</span> <span class='ocrx_word' id='word_1_112' title='bbox 1334 1784 1373 1846; x_wconf 80' lang='lat' dir='ltr'>la,</span> <span class='ocrx_word' id='word_1_113' title='bbox 1390 1784 1424 1836; x_wconf 82' lang='grc'>45</span> <span class='ocrx_word' id='word_1_114' title='bbox 1443 1783 1479 1834; x_wconf 85' lang='lat' dir='ltr'>sit</span> 
     </span>
     <span class='ocr_line' id='line_1_13' title="bbox 306 1868 1475 1939; baseline 0.002 -20"><span class='ocrx_word' id='word_1_115' title='bbox 306 1882 360 1936; x_wconf 76' lang='lat' dir='ltr'>pro</span> <span class='ocrx_word' id='word_1_116' title='bbox 381 1875 507 1937; x_wconf 80' lang='lat' dir='ltr'>praetore</span> <span class='ocrx_word' id='word_1_117' title='bbox 530 1886 558 1922; x_wconf 90' lang='lat' dir='ltr'>eo</span> <span class='ocrx_word' id='word_1_118' title='bbox 581 1871 638 1923; x_wconf 82' lang='lat' dir='ltr'>iure</span> <span class='ocrx_word' id='word_1_119' title='bbox 662 1888 711 1938; x_wconf 91' lang='lat' dir='ltr'>quo</span> <span class='ocrx_word' id='word_1_120' title='bbox 734 1872 780 1938; x_wconf 89' lang='lat' dir='ltr'>qui</span> <span class='ocrx_word' id='word_1_121' title='bbox 800 1872 909 1939; x_wconf 67' lang='lat' dir='ltr'>optima·</span> <span class='ocrx_word' id='word_1_122' title='bbox 935 1872 1001 1924; x_wconf 89' lang='lat' dir='ltr'>Phil.</span> <span class='ocrx_word' id='word_1_123' title='bbox 1019 1872 1070 1936; x_wconf 88' lang='lat' dir='ltr'>Xl,</span> <span class='ocrx_word' id='word_1_124' title='bbox 1091 1872 1134 1934; x_wconf 82' lang='grc'>19,</span> <span class='ocrx_word' id='word_1_125' title='bbox 1154 1870 1188 1923; x_wconf 88' lang='lat'>30</span> <span class='ocrx_word' id='word_1_126' title='bbox 1205 1871 1308 1922; x_wconf 84' lang='lat' dir='ltr'>senatui</span> <span class='ocrx_word' id='word_1_127' title='bbox 1321 1870 1428 1938; x_wconf 85' lang='lat' dir='ltr'>placere</span> <span class='ocrx_word' id='word_1_128' title='bbox 1449 1868 1475 1921; x_wconf 87' lang='lat' dir='ltr'>C.</span> 
     </span>
     <span class='ocr_line' id='line_1_14' title="bbox 310 1950 1477 2025; baseline -0.002 -19"><span class='ocrx_word' id='word_1_129' title='bbox 310 1950 433 2006; x_wconf 78' lang='lat' dir='ltr'>Cassium</span> <span class='ocrx_word' id='word_1_130' title='bbox 446 1970 498 2023; x_wconf 82' lang='lat' dir='ltr'>pro</span> <span class='ocrx_word' id='word_1_131' title='bbox 516 1972 566 2007; x_wconf 90' lang='lat' dir='ltr'>cos.</span> <span class='ocrx_word' id='word_1_132' title='bbox 583 1957 746 2024; x_wconf 73' lang='lat' dir='ltr'>praecinctam</span> <span class='ocrx_word' id='word_1_133' title='bbox 764 1955 871 2025; x_wconf 78' lang='lat' dir='ltr'><strong><em>Syriam</em></strong></span> <span class='ocrx_word' id='word_1_134' title='bbox 891 1955 1011 2018; x_wconf 84' lang='lat' dir='ltr'>obtinere,</span> <span class='ocrx_word' id='word_1_135' title='bbox 1029 1962 1059 2007; x_wconf 89' lang='lat' dir='ltr'>ut</span> <span class='ocrx_word' id='word_1_136' title='bbox 1076 1956 1121 2023; x_wconf 88' lang='lat' dir='ltr'>qui</span> <span class='ocrx_word' id='word_1_137' title='bbox 1145 1954 1240 2024; x_wconf 85' lang='lat' dir='ltr'>optimo</span> <span class='ocrx_word' id='word_1_138' title='bbox 1263 1954 1321 2005; x_wconf 82' lang='lat' dir='ltr'>iure</span> <span class='ocrx_word' id='word_1_139' title='bbox 1344 1970 1398 2005; x_wconf 86' lang='lat' dir='ltr'>eam</span> <span class='ocrx_word' id='word_1_140' title='bbox 1415 1970 1477 2021; x_wconf 75' lang='lat' dir='ltr'>pao-</span> 
     </span>
     <span class='ocr_line' id='line_1_15' title="bbox 308 2039 1475 2110; baseline 0.002 -20"><span class='ocrx_word' id='word_1_141' title='bbox 308 2039 427 2091; x_wconf 84' lang='lat' dir='ltr'>aiaciam</span> <span class='ocrx_word' id='word_1_142' title='bbox 446 2039 595 2105; x_wconf 59' lang='lat' dir='ltr'>obtin-uerit·</span> <span class='ocrx_word' id='word_1_143' title='bbox 613 2041 668 2096; x_wconf 87' lang='lat' dir='ltr'>Liv.</span> <span class='ocrx_word' id='word_1_144' title='bbox 686 2042 739 2107; x_wconf 85' lang='lat' dir='ltr'>IX,</span> <span class='ocrx_word' id='word_1_145' title='bbox 758 2042 791 2094; x_wconf 79' lang='lat'>34</span> <span class='ocrx_word' id='word_1_146' title='bbox 811 2050 839 2095; x_wconf 90' lang='lat' dir='ltr'>ut</span> <span class='ocrx_word' id='word_1_147' title='bbox 861 2043 907 2109; x_wconf 89' lang='lat' dir='ltr'>qai</span> <span class='ocrx_word' id='word_1_148' title='bbox 928 2042 1023 2110; x_wconf 84' lang='lat' dir='ltr'>optimo</span> <span class='ocrx_word' id='word_1_149' title='bbox 1046 2041 1103 2093; x_wconf 81' lang='lat' dir='ltr'>iure</span> <span class='ocrx_word' id='word_1_150' title='bbox 1126 2057 1174 2093; x_wconf 80' lang='lat' dir='ltr'>rea</span> <span class='ocrx_word' id='word_1_151' title='bbox 1192 2040 1289 2093; x_wconf 78' lang='lat' dir='ltr'>Rornae</span> <span class='ocrx_word' id='word_1_152' title='bbox 1313 2047 1415 2092; x_wconf 84' lang='lat' dir='ltr'>creatus</span> <span class='ocrx_word' id='word_1_153' title='bbox 1434 2039 1475 2092; x_wconf 90' lang='lat' dir='ltr'>sit.</span> 
     </span>
     <span class='ocr_line' id='line_1_16' title="bbox 310 2123 1474 2196; baseline 0.002 -21"><span class='ocrx_word' id='word_1_154' title='bbox 310 2123 366 2176; x_wconf 82' lang='lat' dir='ltr'>Sed</span> <span class='ocrx_word' id='word_1_155' title='bbox 384 2124 495 2179; x_wconf 80' lang='lat' dir='ltr'>Xuirum</span> <span class='ocrx_word' id='word_1_156' title='bbox 514 2143 570 2180; x_wconf 85' lang='lat' dir='ltr'>cum</span> <span class='ocrx_word' id='word_1_157' title='bbox 590 2142 656 2180; x_wconf 84' lang='lat' dir='ltr'>nora</span> <span class='ocrx_word' id='word_1_158' title='bbox 674 2132 699 2180; x_wconf 89' lang='lat' dir='ltr'>et</span> <span class='ocrx_word' id='word_1_159' title='bbox 716 2130 807 2196; x_wconf 82' lang='lat' dir='ltr'>ignota</span> <span class='ocrx_word' id='word_1_160' title='bbox 826 2133 884 2180; x_wconf 84' lang='lat' dir='ltr'>ante</span> <span class='ocrx_word' id='word_1_161' title='bbox 903 2132 971 2179; x_wconf 90' lang='lat' dir='ltr'>esset</span> <span class='ocrx_word' id='word_1_162' title='bbox 990 2131 1117 2194; x_wconf 86' lang='lat' dir='ltr'>potestas,</span> <span class='ocrx_word' id='word_1_163' title='bbox 1135 2128 1249 2194; x_wconf 84' lang='lat' dir='ltr'>ineptum</span> <span class='ocrx_word' id='word_1_164' title='bbox 1267 2129 1323 2177; x_wconf 84' lang='lat' dir='ltr'>erat</span> <span class='ocrx_word' id='word_1_165' title='bbox 1339 2126 1426 2177; x_wconf 84' lang='lat' dir='ltr'>iubere</span> <span class='ocrx_word' id='word_1_166' title='bbox 1444 2139 1474 2177; x_wconf 90' lang='lat' dir='ltr'>eo</span> 
     </span>
     <span class='ocr_line' id='line_1_17' title="bbox 308 2211 1475 2281; baseline 0 -19"><span class='ocrx_word' id='word_1_167' title='bbox 308 2212 369 2262; x_wconf 88' lang='lat' dir='ltr'>iure</span> <span class='ocrx_word' id='word_1_168' title='bbox 388 2225 433 2263; x_wconf 89' lang='lat' dir='ltr'>eos</span> <span class='ocrx_word' id='word_1_169' title='bbox 451 2227 508 2274; x_wconf 85' lang='lat' dir='ltr'>esse</span> <span class='ocrx_word' id='word_1_170' title='bbox 526 2227 576 2280; x_wconf 89' lang='lat' dir='ltr'>quo</span> <span class='ocrx_word' id='word_1_171' title='bbox 593 2214 637 2281; x_wconf 90' lang='lat' dir='ltr'>qai</span> <span class='ocrx_word' id='word_1_172' title='bbox 661 2217 748 2265; x_wconf 86' lang='lat' dir='ltr'>essent</span> <span class='ocrx_word' id='word_1_173' title='bbox 766 2215 869 2280; x_wconf 90' lang='lat' dir='ltr'>optimo.</span> <span class='ocrx_word' id='word_1_174' title='bbox 906 2212 1058 2265; x_wconf 89' lang='lat' dir='ltr'>Necessario</span> <span class='ocrx_word' id='word_1_175' title='bbox 1080 2214 1159 2280; x_wconf 86' lang='lat' dir='ltr'>igitur</span> <span class='ocrx_word' id='word_1_176' title='bbox 1177 2213 1269 2265; x_wconf 87' lang='lat' dir='ltr'>dicitur</span> <span class='ocrx_word' id='word_1_177' title='bbox 1292 2211 1388 2279; x_wconf 84' lang='lat' dir='ltr'>optima</span> <span class='ocrx_word' id='word_1_178' title='bbox 1414 2212 1475 2278; x_wconf 87' lang='lat' dir='ltr'>leqe,</span> 
     </span>
     <span class='ocr_line' id='line_1_18' title="bbox 309 2296 1477 2367; baseline 0.003 -20"><span class='ocrx_word' id='word_1_179' title='bbox 309 2297 374 2348; x_wconf 85' lang='lat' dir='ltr'>itam</span> <span class='ocrx_word' id='word_1_180' title='bbox 394 2296 491 2349; x_wconf 86' lang='lat' dir='ltr'>usitata</span> <span class='ocrx_word' id='word_1_181' title='bbox 507 2297 623 2351; x_wconf 83' lang='lat' dir='ltr'>formula.</span> <span class='ocrx_word' id='word_1_182' title='bbox 659 2299 725 2351; x_wconf 76' lang='lat' dir='ltr'>l&#39;ide</span> <span class='ocrx_word' id='word_1_183' title='bbox 747 2299 850 2351; x_wconf 79' lang='lat' dir='ltr'>Festum</span> <span class='ocrx_word' id='word_1_184' title='bbox 869 2316 895 2367; x_wconf 91' lang='lat' dir='ltr'>p.</span> <span class='ocrx_word' id='word_1_185' title='bbox 917 2300 980 2364; x_wconf 84' lang='grc'><strong>189,</strong></span> <span class='ocrx_word' id='word_1_186' title='bbox 999 2301 1065 2353; x_wconf 86' lang='lat' dir='ltr'>Gell.</span> <span class='ocrx_word' id='word_1_187' title='bbox 1082 2300 1107 2364; x_wconf 92' lang='lat' dir='ltr'>I,</span> <span class='ocrx_word' id='word_1_188' title='bbox 1128 2302 1172 2365; x_wconf 77' lang='lat'>12,</span> <span class='ocrx_word' id='word_1_189' title='bbox 1193 2303 1231 2354; x_wconf 76' lang='lat'>14.</span> <span class='ocrx_word' id='word_1_190' title='bbox 1255 2329 1287 2337; x_wconf 95' lang='lat'>-</span> <span class='ocrx_word' id='word_1_191' title='bbox 1313 2300 1337 2351; x_wconf 86' lang='lat' dir='ltr'>si</span> <span class='ocrx_word' id='word_1_192' title='bbox 1353 2299 1400 2351; x_wconf 81' lang='lat' dir='ltr'>boc</span> <span class='ocrx_word' id='word_1_193' title='bbox 1412 2300 1477 2366; x_wconf 79' lang='lat' dir='ltr'>fieri</span> 
     </span>
     <span class='ocr_line' id='line_1_19' title="bbox 307 2382 1476 2454; baseline 0.003 -21"><span class='ocrx_word' id='word_1_194' title='bbox 307 2389 407 2451; x_wconf 83' lang='lat' dir='ltr'>potest,</span> <span class='ocrx_word' id='word_1_195' title='bbox 425 2382 450 2434; x_wconf 82' lang='lat' dir='ltr'>si</span> <span class='ocrx_word' id='word_1_196' title='bbox 466 2383 505 2435; x_wconf 88' lang='lat' dir='ltr'>sic</span> <span class='ocrx_word' id='word_1_197' title='bbox 523 2399 560 2452; x_wconf 90' lang='lat' dir='ltr'>sq.</span> <span class='ocrx_word' id='word_1_198' title='bbox 600 2384 773 2438; x_wconf 80' lang='lat' dir='ltr'>Difficillimus</span> <span class='ocrx_word' id='word_1_199' title='bbox 794 2388 835 2438; x_wconf 89' lang='lat' dir='ltr'>est</span> <span class='ocrx_word' id='word_1_200' title='bbox 852 2386 936 2449; x_wconf 89' lang='lat' dir='ltr'>locus,</span> <span class='ocrx_word' id='word_1_201' title='bbox 954 2403 1029 2454; x_wconf 88' lang='lat' dir='ltr'>quem</span> <span class='ocrx_word' id='word_1_202' title='bbox 1047 2403 1103 2439; x_wconf 91' lang='lat' dir='ltr'>cum</span> <span class='ocrx_word' id='word_1_203' title='bbox 1126 2387 1246 2439; x_wconf 80' lang='lat' dir='ltr'>vitiosum</span> <span class='ocrx_word' id='word_1_204' title='bbox 1265 2385 1381 2452; x_wconf 89' lang='lat' dir='ltr'>malaque</span> <span class='ocrx_word' id='word_1_205' title='bbox 1399 2385 1476 2437; x_wconf 84' lang='lat' dir='ltr'>libra·</span> 
     </span>
     <span class='ocr_line' id='line_1_20' title="bbox 310 2467 1475 2540; baseline 0.002 -21"><span class='ocrx_word' id='word_1_206' title='bbox 310 2467 412 2520; x_wconf 85' lang='lat' dir='ltr'>riorum</span> <span class='ocrx_word' id='word_1_207' title='bbox 429 2467 565 2522; x_wconf 81' lang='lat' dir='ltr'>sedulitate</span> <span class='ocrx_word' id='word_1_208' title='bbox 578 2474 723 2540; x_wconf 84' lang='lat' dir='ltr'>corruptum</span> <span class='ocrx_word' id='word_1_209' title='bbox 741 2487 798 2524; x_wconf 86' lang='lat' dir='ltr'>esso</span> <span class='ocrx_word' id='word_1_210' title='bbox 816 2471 1041 2535; x_wconf 79' lang='lat' dir='ltr'>intellexissemus,</span> <span class='ocrx_word' id='word_1_211' title='bbox 1053 2475 1130 2540; x_wconf 91' lang='lat' dir='ltr'>prout</span> <span class='ocrx_word' id='word_1_212' title='bbox 1142 2471 1226 2523; x_wconf 87' lang='lat' dir='ltr'>lacere</span> <span class='ocrx_word' id='word_1_213' title='bbox 1239 2485 1380 2538; x_wconf 87' lang='lat' dir='ltr'>possemus,</span> <span class='ocrx_word' id='word_1_214' title='bbox 1390 2484 1475 2522; x_wconf 88' lang='lat' dir='ltr'>emen·</span> 
     </span>
     <span class='ocr_line' id='line_1_21' title="bbox 311 2552 1473 2624; baseline 0.002 -19"><span class='ocrx_word' id='word_1_215' title='bbox 311 2552 427 2606; x_wconf 87' lang='lat' dir='ltr'>dandum</span> <span class='ocrx_word' id='word_1_216' title='bbox 445 2569 503 2606; x_wconf 89' lang='lat' dir='ltr'>esse</span> <span class='ocrx_word' id='word_1_217' title='bbox 520 2559 673 2624; x_wconf 81' lang='lat' dir='ltr'>putavimus.</span> <span class='ocrx_word' id='word_1_218' title='bbox 709 2557 808 2610; x_wconf 86' lang='lat' dir='ltr'>Etenim</span> <span class='ocrx_word' id='word_1_219' title='bbox 831 2558 914 2611; x_wconf 89' lang='lat' dir='ltr'>adhue</span> <span class='ocrx_word' id='word_1_220' title='bbox 931 2558 993 2609; x_wconf 88' lang='lat' dir='ltr'>h&#39;aec</span> <span class='ocrx_word' id='word_1_221' title='bbox 1010 2558 1174 2624; x_wconf 85' lang='lat' dir='ltr'>legebantur:</span> <span class='ocrx_word' id='word_1_222' title='bbox 1194 2556 1227 2609; x_wconf 86' lang='lat' dir='ltr'>Si</span> <span class='ocrx_word' id='word_1_223' title='bbox 1244 2556 1291 2607; x_wconf 84' lang='lat' dir='ltr'>boc</span> <span class='ocrx_word' id='word_1_224' title='bbox 1302 2556 1367 2622; x_wconf 81' lang='lat' dir='ltr'>fieri</span> <span class='ocrx_word' id='word_1_225' title='bbox 1382 2562 1473 2624; x_wconf 84' lang='lat' dir='ltr'>potest.</span> 
     </span>
     <span class='ocr_line' id='line_1_22' title="bbox 310 2638 1477 2710; baseline 0 -20"><span class='ocrx_word' id='word_1_226' title='bbox 310 2645 343 2690; x_wconf 86' lang='lat' dir='ltr'>ut</span> <span class='ocrx_word' id='word_1_227' title='bbox 359 2638 389 2690; x_wconf 82' lang='lat' dir='ltr'>ia</span> <span class='ocrx_word' id='word_1_228' title='bbox 407 2638 456 2691; x_wconf 82' lang='lat' dir='ltr'>lrac</span> <span class='ocrx_word' id='word_1_229' title='bbox 474 2641 589 2705; x_wconf 81' lang='lat' dir='ltr'>civitate,</span> <span class='ocrx_word' id='word_1_230' title='bbox 607 2659 673 2709; x_wconf 89' lang='lat' dir='ltr'>quae</span> <span class='ocrx_word' id='word_1_231' title='bbox 691 2671 723 2680; x_wconf 94' lang='lat'><em>-</em></span> <span class='ocrx_word' id='word_1_232' title='bbox 742 2643 880 2705; x_wconf 82' lang='lat' dir='ltr'>antecellit,</span> <span class='ocrx_word' id='word_1_233' title='bbox 899 2643 1032 2710; x_wconf 84' lang='lat' dir='ltr'>quisquam</span> <span class='ocrx_word' id='word_1_234' title='bbox 1052 2642 1130 2692; x_wconf 84' lang='lat' dir='ltr'>nullis</span> <span class='ocrx_word' id='word_1_235' title='bbox 1148 2640 1258 2692; x_wconf 84' lang='lat' dir='ltr'>comitiis</span> <span class='ocrx_word' id='word_1_236' title='bbox 1277 2639 1413 2708; x_wconf 71' lang='lat' dir='ltr'>inmersum</span> <span class='ocrx_word' id='word_1_237' title='bbox 1429 2646 1477 2690; x_wconf 86' lang='lat' dir='ltr'>aut</span> 
     </span>
     <span class='ocr_line' id='line_1_23' title="bbox 306 2724 1476 2800; baseline -0.003 -20"><span class='ocrx_word' id='word_1_238' title='bbox 306 2733 466 2797; x_wconf 82' lang='lat' dir='ltr'>potestatem</span> <span class='ocrx_word' id='word_1_239' title='bbox 484 2731 588 2798; x_wconf 79' lang='lat' dir='ltr'>assequi</span> <span class='ocrx_word' id='word_1_240' title='bbox 600 2733 699 2800; x_wconf 84' lang='lat' dir='ltr'>possit.-</span> <span class='ocrx_word' id='word_1_241' title='bbox 715 2733 742 2784; x_wconf 91' lang='lat' dir='ltr'>in</span> <span class='ocrx_word' id='word_1_242' title='bbox 760 2730 853 2800; x_wconf 79' lang='lat' dir='ltr'>qaribus</span> <span class='ocrx_word' id='word_1_243' title='bbox 870 2730 948 2781; x_wconf 87' lang='lat' dir='ltr'>miror</span> <span class='ocrx_word' id='word_1_244' title='bbox 970 2728 1153 2794; x_wconf 81' lang='lat' dir='ltr'>interpretibus</span> <span class='ocrx_word' id='word_1_245' title='bbox 1172 2741 1221 2777; x_wconf 93' lang='lat' dir='ltr'>non</span> <span class='ocrx_word' id='word_1_246' title='bbox 1240 2725 1319 2776; x_wconf 90' lang='lat' dir='ltr'>luisse</span> <span class='ocrx_word' id='word_1_247' title='bbox 1342 2724 1476 2777; x_wconf 83' lang='lat' dir='ltr'>offensioni</span> 
     </span>
     <span class='ocr_line' id='line_1_24' title="bbox 311 2809 1476 2880; baseline -0.007 -14"><span class='ocrx_word' id='word_1_248' title='bbox 311 2813 466 2870; x_wconf 82' lang='lat' dir='ltr'>orationem.</span> <span class='ocrx_word' id='word_1_249' title='bbox 503 2813 566 2878; x_wconf 85' lang='lat' dir='ltr'>Quis</span> <span class='ocrx_word' id='word_1_250' title='bbox 584 2818 650 2870; x_wconf 88' lang='lat' dir='ltr'>enim</span> <span class='ocrx_word' id='word_1_251' title='bbox 670 2819 709 2870; x_wconf 88' lang='lat' dir='ltr'>rel</span> <span class='ocrx_word' id='word_1_252' title='bbox 720 2817 811 2870; x_wconf 78' lang='lat' dir='ltr'>Latine</span> <span class='ocrx_word' id='word_1_253' title='bbox 830 2816 870 2868; x_wconf 88' lang='lat' dir='ltr'>rel</span> <span class='ocrx_word' id='word_1_254' title='bbox 893 2815 943 2866; x_wconf 88' lang='lat' dir='ltr'>alia</span> <span class='ocrx_word' id='word_1_255' title='bbox 962 2813 1047 2880; x_wconf 88' lang='lat' dir='ltr'>aliqua</span> <span class='ocrx_word' id='word_1_256' title='bbox 1065 2811 1153 2878; x_wconf 85' lang='lat' dir='ltr'>lingua</span> <span class='ocrx_word' id='word_1_257' title='bbox 1171 2811 1253 2862; x_wconf 88' lang='lat' dir='ltr'>dieat:</span> <span class='ocrx_word' id='word_1_258' title='bbox 1271 2810 1295 2860; x_wconf 86' lang='lat' dir='ltr'>si</span> <span class='ocrx_word' id='word_1_259' title='bbox 1305 2809 1370 2875; x_wconf 81' lang='lat' dir='ltr'>fieri</span> <span class='ocrx_word' id='word_1_260' title='bbox 1384 2815 1476 2875; x_wconf 88' lang='lat' dir='ltr'>potest,</span> 
     </span>
     <span class='ocr_line' id='line_1_25' title="bbox 311 2894 1474 2970; baseline -0.005 -20"><span class='ocrx_word' id='word_1_261' title='bbox 311 2903 396 2950; x_wconf 86' lang='lat' dir='ltr'>ut-</span> <span class='ocrx_word' id='word_1_262' title='bbox 420 2899 524 2965; x_wconf 77' lang='lat' dir='ltr'>assequi</span> <span class='ocrx_word' id='word_1_263' title='bbox 547 2901 650 2968; x_wconf 75' lang='lat' dir='ltr'>possiti</span> <span class='ocrx_word' id='word_1_264' title='bbox 682 2902 806 2970; x_wconf 78' lang='lat' dir='ltr'>Legamus</span> <span class='ocrx_word' id='word_1_265' title='bbox 834 2915 881 2952; x_wconf 89' lang='lat' dir='ltr'>nos</span> <span class='ocrx_word' id='word_1_266' title='bbox 908 2898 1010 2966; x_wconf 90' lang='lat' dir='ltr'>quidem</span> <span class='ocrx_word' id='word_1_267' title='bbox 1036 2897 1103 2949; x_wconf 87' lang='lat' dir='ltr'>iufra</span> <span class='ocrx_word' id='word_1_268' title='bbox 1126 2894 1191 2960; x_wconf 73' lang='lat'>§34</span> <span class='ocrx_word' id='word_1_269' title='bbox 1215 2896 1325 2962; x_wconf 83' lang='lat' dir='ltr'>insignia</span> <span class='ocrx_word' id='word_1_270' title='bbox 1349 2894 1474 2962; x_wconf 85' lang='lat' dir='ltr'>quaedam</span> 
     </span>
     <span class='ocr_line' id='line_1_26' title="bbox 311 2981 1475 3054; baseline -0.003 -19"><span class='ocrx_word' id='word_1_271' title='bbox 311 2998 424 3052; x_wconf 82' lang='lat' dir='ltr'>magnae</span> <span class='ocrx_word' id='word_1_272' title='bbox 442 2984 579 3037; x_wconf 84' lang='lat' dir='ltr'>verborum</span> <span class='ocrx_word' id='word_1_273' title='bbox 595 2988 781 3041; x_wconf 84' lang='lat' dir='ltr'>redundantiae</span> <span class='ocrx_word' id='word_1_274' title='bbox 799 2985 918 3054; x_wconf 81' lang='lat' dir='ltr'>exempla</span> <span class='ocrx_word' id='word_1_275' title='bbox 936 2984 1050 3035; x_wconf 84' lang='lat' dir='ltr'>colonias</span> <span class='ocrx_word' id='word_1_276' title='bbox 1074 2983 1199 3035; x_wconf 75' lang='lat' dir='ltr'>‹ledueere</span> <span class='ocrx_word' id='word_1_277' title='bbox 1222 3009 1254 3018; x_wconf 87' lang='lat'>-</span> <span class='ocrx_word' id='word_1_278' title='bbox 1277 2987 1307 3031; x_wconf 85' lang='lat' dir='ltr'>at</span> <span class='ocrx_word' id='word_1_279' title='bbox 1324 2981 1402 3032; x_wconf 84' lang='lat' dir='ltr'>liceat</span> <span class='ocrx_word' id='word_1_280' title='bbox 1414 2995 1475 3048; x_wconf 82' lang='lat' dir='ltr'>per-</span> 
     </span>
     <span class='ocr_line' id='line_1_27' title="bbox 307 3065 1475 3137; baseline -0.002 -19"><span class='ocrx_word' id='word_1_281' title='bbox 307 3066 433 3131; x_wconf 82' lang='lat' dir='ltr'>mittitur,</span> <span class='ocrx_word' id='word_1_282' title='bbox 451 3069 548 3136; x_wconf 79' lang='lat' dir='ltr'>vapori</span> <span class='ocrx_word' id='word_1_283' title='bbox 562 3076 593 3121; x_wconf 88' lang='lat' dir='ltr'>ut</span> <span class='ocrx_word' id='word_1_284' title='bbox 611 3072 688 3124; x_wconf 86' lang='lat' dir='ltr'>liceat</span> <span class='ocrx_word' id='word_1_285' title='bbox 701 3070 857 3131; x_wconf 76' lang='lat' dir='ltr'>conceditur,</span> <span class='ocrx_word' id='word_1_286' title='bbox 875 3070 969 3137; x_wconf 86' lang='lat' dir='ltr'>quibus</span> <span class='ocrx_word' id='word_1_287' title='bbox 987 3067 1077 3123; x_wconf 83' lang='lat' dir='ltr'>Cicero</span> <span class='ocrx_word' id='word_1_288' title='bbox 1101 3085 1150 3121; x_wconf 90' lang='lat' dir='ltr'>non</span> <span class='ocrx_word' id='word_1_289' title='bbox 1174 3069 1228 3120; x_wconf 91' lang='lat' dir='ltr'>siue</span> <span class='ocrx_word' id='word_1_290' title='bbox 1251 3072 1320 3119; x_wconf 86' lang='lat' dir='ltr'>certa</span> <span class='ocrx_word' id='word_1_291' title='bbox 1345 3081 1423 3118; x_wconf 87' lang='lat' dir='ltr'>causa</span> <span class='ocrx_word' id='word_1_292' title='bbox 1442 3065 1475 3117; x_wconf 88' lang='lat' dir='ltr'>ad</span> 
     </span>
     <span class='ocr_line' id='line_1_28' title="bbox 310 3152 1474 3221; baseline 0 -16"><span class='ocrx_word' id='word_1_293' title='bbox 310 3152 518 3207; x_wconf 82' lang='lat' dir='ltr'>adumbraudam</span> <span class='ocrx_word' id='word_1_294' title='bbox 535 3155 646 3209; x_wconf 87' lang='lat' dir='ltr'>Xvirum</span> <span class='ocrx_word' id='word_1_295' title='bbox 664 3157 794 3209; x_wconf 87' lang='lat' dir='ltr'>licentiam</span> <span class='ocrx_word' id='word_1_296' title='bbox 812 3171 874 3208; x_wconf 89' lang='lat' dir='ltr'>usas</span> <span class='ocrx_word' id='word_1_297' title='bbox 893 3157 1083 3221; x_wconf 80' lang='lat' dir='ltr'>videturesse,</span> <span class='ocrx_word' id='word_1_298' title='bbox 1102 3161 1162 3210; x_wconf 86' lang='lat' dir='ltr'>nota</span> <span class='ocrx_word' id='word_1_299' title='bbox 1180 3158 1239 3209; x_wconf 88' lang='lat' dir='ltr'>item</span> <span class='ocrx_word' id='word_1_300' title='bbox 1259 3159 1319 3208; x_wconf 91' lang='lat' dir='ltr'>sunt</span> <span class='ocrx_word' id='word_1_301' title='bbox 1336 3154 1394 3216; x_wconf 90' lang='lat' dir='ltr'>illa,</span> <span class='ocrx_word' id='word_1_302' title='bbox 1418 3169 1474 3206; x_wconf 92' lang='lat' dir='ltr'>cum</span> 
     </span>
     <span class='ocr_line' id='line_1_29' title="bbox 307 3237 1475 3312; baseline 0.001 -22"><span class='ocrx_word' id='word_1_303' title='bbox 307 3237 416 3290; x_wconf 86' lang='lat' dir='ltr'>dicendi</span> <span class='ocrx_word' id='word_1_304' title='bbox 435 3238 650 3309; x_wconf 84' lang='lat' dir='ltr'>existimandique</span> <span class='ocrx_word' id='word_1_305' title='bbox 673 3241 751 3294; x_wconf 85' lang='lat' dir='ltr'>rerba</span> <span class='ocrx_word' id='word_1_306' title='bbox 770 3242 961 3294; x_wconf 87' lang='lat' dir='ltr'>adorationem</span> <span class='ocrx_word' id='word_1_307' title='bbox 984 3246 1058 3312; x_wconf 88' lang='lat' dir='ltr'>quasi</span> <span class='ocrx_word' id='word_1_308' title='bbox 1083 3242 1289 3312; x_wconf 86' lang='lat' dir='ltr'>amplificandam</span> <span class='ocrx_word' id='word_1_309' title='bbox 1313 3240 1475 3293; x_wconf 80' lang='lat' dir='ltr'>cumulantur</span> 
     </span>
     <span class='ocr_line' id='line_1_30' title="bbox 310 3322 1475 3393; baseline 0 -16"><span class='ocrx_word' id='word_1_310' title='bbox 310 3324 358 3389; x_wconf 86' lang='lat' dir='ltr'>(ef.</span> <span class='ocrx_word' id='word_1_311' title='bbox 378 3322 481 3377; x_wconf 86' lang='lat' dir='ltr'>doctam</span> <span class='ocrx_word' id='word_1_312' title='bbox 499 3325 699 3393; x_wconf 84' lang='lat' dir='ltr'>disputationem</span> <span class='ocrx_word' id='word_1_313' title='bbox 718 3328 749 3379; x_wconf 92' lang='grc' dir='ltr'>Η.</span> <span class='ocrx_word' id='word_1_314' title='bbox 763 3327 821 3380; x_wconf 80' lang='lat' dir='ltr'>Chr.</span> <span class='ocrx_word' id='word_1_315' title='bbox 834 3328 876 3380; x_wconf 83' lang='lat' dir='ltr'>Fr.</span> <span class='ocrx_word' id='word_1_316' title='bbox 886 3327 1026 3382; x_wconf 87' lang='lat' dir='ltr'>Gebhardt.</span> <span class='ocrx_word' id='word_1_317' title='bbox 1044 3331 1071 3381; x_wconf 92' lang='lat' dir='ltr'>in</span> <span class='ocrx_word' id='word_1_318' title='bbox 1089 3331 1215 3382; x_wconf 81' lang='lat' dir='ltr'>observat.</span> <span class='ocrx_word' id='word_1_319' title='bbox 1235 3327 1292 3380; x_wconf 87' lang='lat' dir='ltr'>crit.</span> <span class='ocrx_word' id='word_1_320' title='bbox 1309 3327 1336 3379; x_wconf 93' lang='lat' dir='ltr'>iu</span> <span class='ocrx_word' id='word_1_321' title='bbox 1354 3327 1401 3378; x_wconf 89' lang='lat' dir='ltr'>bas</span> <span class='ocrx_word' id='word_1_322' title='bbox 1420 3341 1475 3378; x_wconf 85' lang='lat' dir='ltr'>ora-</span> 
     </span>
     <span class='ocr_line' id='line_1_31' title="bbox 310 3411 1474 3483; baseline 0 -18"><span class='ocrx_word' id='word_1_323' title='bbox 310 3411 450 3465; x_wconf 87' lang='lat' dir='ltr'>tiones-de</span> <span class='ocrx_word' id='word_1_324' title='bbox 468 3412 517 3481; x_wconf 83' lang='lat' dir='ltr'>leg.</span> <span class='ocrx_word' id='word_1_325' title='bbox 537 3430 590 3483; x_wconf 86' lang='lat' dir='ltr'>agr.</span> <span class='ocrx_word' id='word_1_326' title='bbox 610 3415 621 3466; x_wconf 95' lang='lat' dir='ltr'>l</span> <span class='ocrx_word' id='word_1_327' title='bbox 638 3432 663 3483; x_wconf 92' lang='lat' dir='ltr'>p.</span> <span class='ocrx_word' id='word_1_328' title='bbox 682 3415 722 3479; x_wconf 89' lang='grc'>9),</span> <span class='ocrx_word' id='word_1_329' title='bbox 740 3414 786 3467; x_wconf 91' lang='lat' dir='ltr'>sed</span> <span class='ocrx_word' id='word_1_330' title='bbox 804 3417 860 3483; x_wconf 91' lang='lat' dir='ltr'>quis</span> <span class='ocrx_word' id='word_1_331' title='bbox 885 3416 974 3468; x_wconf 91' lang='lat' dir='ltr'>eodem</span> <span class='ocrx_word' id='word_1_332' title='bbox 993 3416 1070 3468; x_wconf 81' lang='lat' dir='ltr'>verbo</span> <span class='ocrx_word' id='word_1_333' title='bbox 1088 3416 1127 3467; x_wconf 90' lang='lat' dir='ltr'>bis</span> <span class='ocrx_word' id='word_1_334' title='bbox 1146 3414 1293 3467; x_wconf 80' lang='lat' dir='ltr'>Ciceronem</span> <span class='ocrx_word' id='word_1_335' title='bbox 1318 3429 1393 3466; x_wconf 85' lang='lat' dir='ltr'>usum</span> <span class='ocrx_word' id='word_1_336' title='bbox 1417 3428 1474 3466; x_wconf 90' lang='lat' dir='ltr'>esse</span> 
     </span>
     <span class='ocr_line' id='line_1_32' title="bbox 309 3499 1475 3569; baseline 0.002 -19"><span class='ocrx_word' id='word_1_337' title='bbox 309 3499 437 3563; x_wconf 85' lang='lat' dir='ltr'>iuveniat,</span> <span class='ocrx_word' id='word_1_338' title='bbox 464 3514 515 3551; x_wconf 92' lang='lat' dir='ltr'>non</span> <span class='ocrx_word' id='word_1_339' title='bbox 539 3501 615 3552; x_wconf 87' lang='lat' dir='ltr'>simili</span> <span class='ocrx_word' id='word_1_340' title='bbox 640 3504 753 3566; x_wconf 88' lang='lat' dir='ltr'>tantum,</span> <span class='ocrx_word' id='word_1_341' title='bbox 777 3503 845 3569; x_wconf 90' lang='lat' dir='ltr'>quod</span> <span class='ocrx_word' id='word_1_342' title='bbox 869 3505 1022 3556; x_wconf 86' lang='lat' dir='ltr'>sententiam</span> <span class='ocrx_word' id='word_1_343' title='bbox 1047 3503 1107 3554; x_wconf 88' lang='lat' dir='ltr'>dum</span> <span class='ocrx_word' id='word_1_344' title='bbox 1131 3503 1255 3565; x_wconf 86' lang='lat' dir='ltr'>cumulat,</span> <span class='ocrx_word' id='word_1_345' title='bbox 1282 3503 1360 3554; x_wconf 89' lang='lat' dir='ltr'>etiam</span> <span class='ocrx_word' id='word_1_346' title='bbox 1384 3505 1475 3563; x_wconf 87' lang='lat' dir='ltr'>mutet,</span> 
     </span>
     <span class='ocr_line' id='line_1_33' title="bbox 290 3585 1474 3662; baseline -0.003 -23"><span class='ocrx_word' id='word_1_347' title='bbox 290 3586 353 3662; x_wconf 49' lang='lat' dir='ltr'>¹rel</span> <span class='ocrx_word' id='word_1_348' title='bbox 373 3585 444 3654; x_wconf 89' lang='lat' dir='ltr'>quis,</span> <span class='ocrx_word' id='word_1_349' title='bbox 469 3587 492 3639; x_wconf 91' lang='lat' dir='ltr'>si</span> <span class='ocrx_word' id='word_1_350' title='bbox 514 3587 562 3640; x_wconf 89' lang='lat' dir='ltr'>hoe</span> <span class='ocrx_word' id='word_1_351' title='bbox 585 3605 685 3658; x_wconf 90' lang='lat' dir='ltr'>quoque</span> <span class='ocrx_word' id='word_1_352' title='bbox 705 3589 841 3656; x_wconf 88' lang='lat' dir='ltr'>aliquando</span> <span class='ocrx_word' id='word_1_353' title='bbox 859 3591 954 3643; x_wconf 88' lang='lat' dir='ltr'>factum</span> <span class='ocrx_word' id='word_1_354' title='bbox 980 3605 1037 3642; x_wconf 87' lang='lat' dir='ltr'>esse</span> <span class='ocrx_word' id='word_1_355' title='bbox 1055 3592 1141 3657; x_wconf 90' lang='lat' dir='ltr'>putet,</span> <span class='ocrx_word' id='word_1_356' title='bbox 1169 3589 1273 3640; x_wconf 83' lang='lat' dir='ltr'>verbum</span> <span class='ocrx_word' id='word_1_357' title='bbox 1289 3603 1377 3655; x_wconf 85' lang='lat' dir='ltr'>posse,</span> <span class='ocrx_word' id='word_1_358' title='bbox 1406 3586 1474 3652; x_wconf 89' lang='lat' dir='ltr'>quod</span> 
     </span>
     <span class='ocr_line' id='line_1_34' title="bbox 311 3670 1473 3744; baseline -0.002 -21"><span class='ocrx_word' id='word_1_359' title='bbox 311 3671 418 3724; x_wconf 78' lang='lat' dir='ltr'>levioris</span> <span class='ocrx_word' id='word_1_360' title='bbox 437 3671 632 3739; x_wconf 82' lang='lat' dir='ltr'>significationis</span> <span class='ocrx_word' id='word_1_361' title='bbox 650 3679 698 3739; x_wconf 91' lang='lat' dir='ltr'>est,</span> <span class='ocrx_word' id='word_1_362' title='bbox 716 3676 756 3729; x_wconf 89' lang='lat' dir='ltr'>bis</span> <span class='ocrx_word' id='word_1_363' title='bbox 775 3677 855 3744; x_wconf 89' lang='lat' dir='ltr'>repeti</span> <span class='ocrx_word' id='word_1_364' title='bbox 874 3676 1028 3728; x_wconf 79' lang='lat' dir='ltr'>arbitretur?</span> <span class='ocrx_word' id='word_1_365' title='bbox 1063 3672 1169 3733; x_wconf 81' lang='lat' dir='ltr'>Accedit</span> <span class='ocrx_word' id='word_1_366' title='bbox 1186 3672 1254 3739; x_wconf 90' lang='lat' dir='ltr'>quod</span> <span class='ocrx_word' id='word_1_367' title='bbox 1271 3673 1328 3737; x_wconf 90' lang='lat' dir='ltr'>ipsa</span> <span class='ocrx_word' id='word_1_368' title='bbox 1347 3670 1473 3721; x_wconf 86' lang='lat' dir='ltr'>sententia</span> 
     </span>
     <span class='ocr_line' id='line_1_35' title="bbox 310 3755 1473 3828; baseline -0.004 -19"><span class='ocrx_word' id='word_1_369' title='bbox 310 3773 403 3828; x_wconf 90' lang='lat' dir='ltr'>parum</span> <span class='ocrx_word' id='word_1_370' title='bbox 422 3761 462 3810; x_wconf 87' lang='lat' dir='ltr'>est</span> <span class='ocrx_word' id='word_1_371' title='bbox 480 3761 621 3814; x_wconf 87' lang='lat' dir='ltr'>commoda.</span> <span class='ocrx_word' id='word_1_372' title='bbox 657 3762 708 3815; x_wconf 86' lang='lat' dir='ltr'>Cur</span> <span class='ocrx_word' id='word_1_373' title='bbox 731 3763 798 3815; x_wconf 91' lang='lat' dir='ltr'>enim</span> <span class='ocrx_word' id='word_1_374' title='bbox 821 3763 867 3815; x_wconf 89' lang='lat' dir='ltr'>illa</span> <span class='ocrx_word' id='word_1_375' title='bbox 888 3761 962 3813; x_wconf 73' lang='lat' dir='ltr'>niella</span> <span class='ocrx_word' id='word_1_376' title='bbox 984 3760 1100 3820; x_wconf 73' lang='lat' dir='ltr'>canitia,</span> <span class='ocrx_word' id='word_1_377' title='bbox 1124 3771 1189 3824; x_wconf 89' lang='lat' dir='ltr'>quae</span> <span class='ocrx_word' id='word_1_378' title='bbox 1210 3756 1260 3806; x_wconf 91' lang='lat' dir='ltr'>iam</span> <span class='ocrx_word' id='word_1_379' title='bbox 1280 3756 1294 3818; x_wconf 73' lang='grc' dir='ltr'><strong>ξ</strong></span> <span class='ocrx_word' id='word_1_380' title='bbox 1313 3755 1345 3806; x_wconf 77' lang='grc'>96</span> <span class='ocrx_word' id='word_1_381' title='bbox 1365 3769 1473 3805; x_wconf 89' lang='lat' dir='ltr'>comme-</span> 
     </span>
     <span class='ocr_line' id='line_1_36' title="bbox 309 3837 1472 3909; baseline -0.008 -13"><span class='ocrx_word' id='word_1_382' title='bbox 309 3847 412 3897; x_wconf 84' lang='lat' dir='ltr'>morata</span> <span class='ocrx_word' id='word_1_383' title='bbox 430 3848 498 3909; x_wconf 91' lang='lat' dir='ltr'>suut,</span> <span class='ocrx_word' id='word_1_384' title='bbox 516 3862 604 3899; x_wconf 86' lang='lat' dir='ltr'>rursus</span> <span class='ocrx_word' id='word_1_385' title='bbox 623 3847 780 3901; x_wconf 78' lang='lat' dir='ltr'>afferantur?</span> <span class='ocrx_word' id='word_1_386' title='bbox 819 3847 894 3900; x_wconf 77' lang='lat' dir='ltr'>Certe</span> <span class='ocrx_word' id='word_1_387' title='bbox 912 3846 1021 3897; x_wconf 79' lang='lat' dir='ltr'>curiatis</span> <span class='ocrx_word' id='word_1_388' title='bbox 1040 3841 1099 3894; x_wconf 92' lang='lat' dir='ltr'>addi</span> <span class='ocrx_word' id='word_1_389' title='bbox 1117 3839 1268 3907; x_wconf 85' lang='lat' dir='ltr'>oportebat:</span> <span class='ocrx_word' id='word_1_390' title='bbox 1292 3837 1323 3889; x_wconf 93' lang='lat' dir='ltr'>de</span> <span class='ocrx_word' id='word_1_391' title='bbox 1346 3838 1386 3889; x_wconf 93' lang='lat' dir='ltr'>his</span> <span class='ocrx_word' id='word_1_392' title='bbox 1405 3838 1472 3889; x_wconf 89' lang='lat' dir='ltr'>euim</span> 
     </span>
     <span class='ocr_line' id='line_1_37' title="bbox 308 3924 1471 4003; baseline -0.006 -21"><span class='ocrx_word' id='word_1_393' title='bbox 308 3931 405 3999; x_wconf 80' lang='lat' dir='ltr'>agitur,</span> <span class='ocrx_word' id='word_1_394' title='bbox 423 3932 487 3985; x_wconf 87' lang='lat' dir='ltr'>haee</span> <span class='ocrx_word' id='word_1_395' title='bbox 507 3934 530 3986; x_wconf 90' lang='lat' dir='ltr'>si</span> <span class='ocrx_word' id='word_1_396' title='bbox 548 3934 638 3987; x_wconf 89' lang='lat' dir='ltr'>deesse</span> <span class='ocrx_word' id='word_1_397' title='bbox 655 3935 752 4000; x_wconf 89' lang='lat' dir='ltr'>liceret,</span> <span class='ocrx_word' id='word_1_398' title='bbox 771 3938 848 4003; x_wconf 88' lang='lat' dir='ltr'>eaput</span> <span class='ocrx_word' id='word_1_399' title='bbox 866 3933 971 3985; x_wconf 88' lang='lat' dir='ltr'>tertium</span> <span class='ocrx_word' id='word_1_400' title='bbox 990 3929 1053 3997; x_wconf 86' lang='lat' dir='ltr'>legis</span> <span class='ocrx_word' id='word_1_401' title='bbox 1072 3925 1161 3978; x_wconf 87' lang='lat' dir='ltr'>inatile</span> <span class='ocrx_word' id='word_1_402' title='bbox 1179 3940 1235 3976; x_wconf 89' lang='lat' dir='ltr'>esse</span> <span class='ocrx_word' id='word_1_403' title='bbox 1253 3925 1297 3975; x_wconf 85' lang='lat' dir='ltr'>ait.</span> <span class='ocrx_word' id='word_1_404' title='bbox 1325 3924 1395 3987; x_wconf 86' lang='lat' dir='ltr'>Quae</span> <span class='ocrx_word' id='word_1_405' title='bbox 1413 3939 1471 3976; x_wconf 79' lang='lat' dir='ltr'>carm</span> 
     </span>
     <span class='ocr_line' id='line_1_38' title="bbox 307 4011 1471 4090; baseline -0.004 -23"><span class='ocrx_word' id='word_1_406' title='bbox 307 4015 471 4082; x_wconf 75' lang='lat' dir='ltr'>videremus,</span> <span class='ocrx_word' id='word_1_407' title='bbox 496 4019 607 4073; x_wconf 84' lang='lat' dir='ltr'>advertit</span> <span class='ocrx_word' id='word_1_408' title='bbox 634 4037 681 4074; x_wconf 91' lang='lat' dir='ltr'>nos</span> <span class='ocrx_word' id='word_1_409' title='bbox 704 4021 760 4075; x_wconf 82' lang='lat' dir='ltr'>cod.</span> <span class='ocrx_word' id='word_1_410' title='bbox 778 4021 839 4090; x_wconf 87' lang='lat' dir='ltr'>Lag.</span> <span class='ocrx_word' id='word_1_411' title='bbox 859 4020 875 4071; x_wconf 91' lang='grc'><strong>9</strong></span> <span class='ocrx_word' id='word_1_412' title='bbox 899 4017 1058 4088; x_wconf 87' lang='lat' dir='ltr'>praestantia</span> <span class='ocrx_word' id='word_1_413' title='bbox 1085 4014 1135 4065; x_wconf 88' lang='lat' dir='ltr'>tria</span> <span class='ocrx_word' id='word_1_414' title='bbox 1161 4011 1205 4063; x_wconf 89' lang='lat' dir='ltr'>illa</span> <span class='ocrx_word' id='word_1_415' title='bbox 1232 4012 1309 4064; x_wconf 84' lang='lat' dir='ltr'>verba</span> <span class='ocrx_word' id='word_1_416' title='bbox 1336 4013 1471 4079; x_wconf 86' lang='lat' dir='ltr'>quisquam</span> 
     </span>
     <span class='ocr_line' id='line_1_39' title="bbox 307 4098 1472 4170; baseline -0.004 -17"><span class='ocrx_word' id='word_1_417' title='bbox 307 4103 390 4154; x_wconf 83' lang='lat' dir='ltr'>nullis</span> <span class='ocrx_word' id='word_1_418' title='bbox 408 4104 519 4156; x_wconf 79' lang='lat' dir='ltr'>comitiis</span> <span class='ocrx_word' id='word_1_419' title='bbox 537 4105 685 4160; x_wconf 79' lang='lat' dir='ltr'>amittentis,</span> <span class='ocrx_word' id='word_1_420' title='bbox 714 4106 811 4170; x_wconf 87' lang='lat' dir='ltr'>Quibus</span> <span class='ocrx_word' id='word_1_421' title='bbox 830 4107 933 4160; x_wconf 88' lang='lat' dir='ltr'>omissis</span> <span class='ocrx_word' id='word_1_422' title='bbox 951 4105 1071 4158; x_wconf 84' lang='lat' dir='ltr'>vitiosam</span> <span class='ocrx_word' id='word_1_423' title='bbox 1089 4099 1145 4151; x_wconf 85' lang='lat' dir='ltr'>fieri</span> <span class='ocrx_word' id='word_1_424' title='bbox 1162 4100 1303 4152; x_wconf 89' lang='lat' dir='ltr'>orationem</span> <span class='ocrx_word' id='word_1_425' title='bbox 1317 4098 1472 4168; x_wconf 86' lang='lat' dir='ltr'>apparebat:</span> 
     </span>
    </p>
   </div>
   <div class='ocr_carea' id='block_1_5' title="bbox 308 4185 1570 4262">
    <p class='ocr_par' dir='ltr' id='par_1_5' title="bbox 308 4185 1570 4262">
     <span class='ocr_line' id='line_1_40' title="bbox 308 4185 1570 4262; baseline -0.002 -23"><span class='ocrx_word' id='word_1_426' title='bbox 308 4204 389 4257; x_wconf 82' lang='lat' dir='ltr'>quam</span> <span class='ocrx_word' id='word_1_427' title='bbox 407 4204 464 4241; x_wconf 88' lang='lat' dir='ltr'>cum</span> <span class='ocrx_word' id='word_1_428' title='bbox 483 4192 618 4245; x_wconf 89' lang='lat' dir='ltr'>restituere</span> <span class='ocrx_word' id='word_1_429' title='bbox 636 4197 760 4261; x_wconf 87' lang='lat' dir='ltr'>cuperent</span> <span class='ocrx_word' id='word_1_430' title='bbox 777 4195 932 4262; x_wconf 88' lang='lat' dir='ltr'>reliquorum</span> <span class='ocrx_word' id='word_1_431' title='bbox 950 4191 1067 4244; x_wconf 90' lang='lat' dir='ltr'>codicum</span> <span class='ocrx_word' id='word_1_432' title='bbox 1079 4190 1203 4249; x_wconf 66' lang='lat' dir='ltr'>auctores</span> <span class='ocrx_word' id='word_1_433' title='bbox 1221 4185 1291 4238; x_wconf 82' lang='lat' dir='ltr'>facili</span> <span class='ocrx_word' id='word_1_434' title='bbox 1308 4185 1354 4237; x_wconf 95' lang='lat' dir='ltr'>illa</span> <span class='ocrx_word' id='word_1_435' title='bbox 1372 4185 1473 4237; x_wconf 88' lang='lat' dir='ltr'>eadem·</span> <span class='ocrx_word' id='word_1_436' title='bbox 1566 4185 1570 4191; x_wconf 91' lang='lat'>&#39;</span> 
     </span>
    </p>
   </div>
   <div class='ocr_carea' id='block_1_6' title="bbox 308 4272 1473 4777">
    <p class='ocr_par' dir='ltr' id='par_1_6' title="bbox 308 4272 1473 4777">
     <span class='ocr_line' id='line_1_41' title="bbox 308 4272 1472 4348; baseline -0.004 -21"><span class='ocrx_word' id='word_1_437' title='bbox 308 4290 360 4344; x_wconf 89' lang='lat' dir='ltr'>que</span> <span class='ocrx_word' id='word_1_438' title='bbox 379 4276 486 4343; x_wconf 79' lang='lat' dir='ltr'>proclivi</span> <span class='ocrx_word' id='word_1_439' title='bbox 507 4279 606 4332; x_wconf 88' lang='lat' dir='ltr'>ratione</span> <span class='ocrx_word' id='word_1_440' title='bbox 624 4281 665 4332; x_wconf 90' lang='lat' dir='ltr'>usi</span> <span class='ocrx_word' id='word_1_441' title='bbox 683 4284 755 4342; x_wconf 89' lang='lat' dir='ltr'>suut,</span> <span class='ocrx_word' id='word_1_442' title='bbox 774 4285 802 4333; x_wconf 93' lang='lat' dir='ltr'>ut</span> <span class='ocrx_word' id='word_1_443' title='bbox 824 4295 906 4348; x_wconf 84' lang='lat' dir='ltr'>pauca</span> <span class='ocrx_word' id='word_1_444' title='bbox 924 4277 1002 4331; x_wconf 83' lang='lat' dir='ltr'>verba</span> <span class='ocrx_word' id='word_1_445' title='bbox 1019 4275 1167 4326; x_wconf 87' lang='lat' dir='ltr'>insererent.</span> <span class='ocrx_word' id='word_1_446' title='bbox 1202 4272 1256 4325; x_wconf 91' lang='lat' dir='ltr'>Nos</span> <span class='ocrx_word' id='word_1_447' title='bbox 1280 4286 1340 4325; x_wconf 82' lang='lat' dir='ltr'>vero</span> <span class='ocrx_word' id='word_1_448' title='bbox 1364 4272 1472 4339; x_wconf 89' lang='lat' dir='ltr'>quaein</span> 
     </span>
     <span class='ocr_line' id='line_1_42' title="bbox 310 4355 1472 4424; baseline -0.005 -11"><span class='ocrx_word' id='word_1_449' title='bbox 310 4360 369 4414; x_wconf 91' lang='lat' dir='ltr'>cod.</span> <span class='ocrx_word' id='word_1_450' title='bbox 389 4361 405 4414; x_wconf 84' lang='lat'>9</span> <span class='ocrx_word' id='word_1_451' title='bbox 423 4364 601 4417; x_wconf 88' lang='lat' dir='ltr'>omitterentur</span> <span class='ocrx_word' id='word_1_452' title='bbox 619 4365 671 4418; x_wconf 87' lang='lat' dir='ltr'>lere</span> <span class='ocrx_word' id='word_1_453' title='bbox 688 4371 757 4419; x_wconf 87' lang='lat' dir='ltr'>recte</span> <span class='ocrx_word' id='word_1_454' title='bbox 776 4367 860 4419; x_wconf 90' lang='lat' dir='ltr'>omitti</span> <span class='ocrx_word' id='word_1_455' title='bbox 880 4379 938 4416; x_wconf 87' lang='lat' dir='ltr'>eura</span> <span class='ocrx_word' id='word_1_456' title='bbox 956 4361 1100 4414; x_wconf 84' lang='lat' dir='ltr'>rideremus</span> <span class='ocrx_word' id='word_1_457' title='bbox 1124 4356 1253 4423; x_wconf 88' lang='lat' dir='ltr'>multaque</span> <span class='ocrx_word' id='word_1_458' title='bbox 1271 4371 1316 4424; x_wconf 89' lang='lat' dir='ltr'>per</span> <span class='ocrx_word' id='word_1_459' title='bbox 1334 4355 1399 4408; x_wconf 87' lang='lat' dir='ltr'>hano</span> <span class='ocrx_word' id='word_1_460' title='bbox 1418 4371 1472 4408; x_wconf 90' lang='lat' dir='ltr'>ora·</span> 
     </span>
     <span class='ocr_line' id='line_1_43' title="bbox 308 4441 1470 4513; baseline -0.005 -15"><span class='ocrx_word' id='word_1_461' title='bbox 308 4446 408 4499; x_wconf 70' lang='lat' dir='ltr'>donem</span> <span class='ocrx_word' id='word_1_462' title='bbox 426 4450 523 4501; x_wconf 88' lang='lat' dir='ltr'>temere</span> <span class='ocrx_word' id='word_1_463' title='bbox 541 4449 680 4502; x_wconf 88' lang='lat' dir='ltr'>alibrariis</span> <span class='ocrx_word' id='word_1_464' title='bbox 699 4467 755 4503; x_wconf 89' lang='lat' dir='ltr'>esse</span> <span class='ocrx_word' id='word_1_465' title='bbox 774 4451 881 4513; x_wconf 89' lang='lat' dir='ltr'>adiecta,</span> <span class='ocrx_word' id='word_1_466' title='bbox 900 4448 975 4500; x_wconf 88' lang='lat' dir='ltr'>aliam</span> <span class='ocrx_word' id='word_1_467' title='bbox 989 4442 1142 4497; x_wconf 88' lang='lat' dir='ltr'>emendandi</span> <span class='ocrx_word' id='word_1_468' title='bbox 1159 4443 1226 4494; x_wconf 87' lang='lat' dir='ltr'>riam</span> <span class='ocrx_word' id='word_1_469' title='bbox 1239 4442 1350 4508; x_wconf 77' lang='lat' dir='ltr'>ingressi</span> <span class='ocrx_word' id='word_1_470' title='bbox 1362 4441 1470 4508; x_wconf 86' lang='lat' dir='ltr'>primum</span> 
     </span>
     <span class='ocr_line' id='line_1_44' title="bbox 311 4525 1473 4602; baseline 0.005 -18"><span class='ocrx_word' id='word_1_471' title='bbox 311 4534 470 4599; x_wconf 70' lang='lat' dir='ltr'>curavimus,</span> <span class='ocrx_word' id='word_1_472' title='bbox 488 4535 604 4589; x_wconf 89' lang='lat' dir='ltr'>aeduae</span> <span class='ocrx_word' id='word_1_473' title='bbox 622 4536 681 4588; x_wconf 90' lang='lat' dir='ltr'>illae</span> <span class='ocrx_word' id='word_1_474' title='bbox 700 4537 851 4600; x_wconf 87' lang='lat' dir='ltr'>sententiae,</span> <span class='ocrx_word' id='word_1_475' title='bbox 871 4536 898 4587; x_wconf 90' lang='lat' dir='ltr'>iu</span> <span class='ocrx_word' id='word_1_476' title='bbox 917 4534 1009 4602; x_wconf 89' lang='lat' dir='ltr'>quibus</span> <span class='ocrx_word' id='word_1_477' title='bbox 1027 4530 1131 4584; x_wconf 80' lang='lat' dir='ltr'>uerbum</span> <span class='ocrx_word' id='word_1_478' title='bbox 1148 4544 1224 4596; x_wconf 79' lang='lat' dir='ltr'>posse</span> <span class='ocrx_word' id='word_1_479' title='bbox 1242 4529 1294 4588; x_wconf 74' lang='lat' dir='ltr'>est,</span> <span class='ocrx_word' id='word_1_480' title='bbox 1313 4529 1389 4593; x_wconf 68' lang='lat' dir='ltr'>apiae</span> <span class='ocrx_word' id='word_1_481' title='bbox 1406 4525 1473 4577; x_wconf 87' lang='lat' dir='ltr'>inter</span> 
     </span>
     <span class='ocr_line' id='line_1_45' title="bbox 309 4611 1473 4690; baseline -0.007 -20"><span class='ocrx_word' id='word_1_482' title='bbox 309 4632 339 4671; x_wconf 85' lang='lat' dir='ltr'>se</span> <span class='ocrx_word' id='word_1_483' title='bbox 352 4622 449 4683; x_wconf 86' lang='lat' dir='ltr'>esseut,</span> <span class='ocrx_word' id='word_1_484' title='bbox 467 4620 564 4674; x_wconf 84' lang='lat' dir='ltr'>sodex</span> <span class='ocrx_word' id='word_1_485' title='bbox 583 4637 663 4690; x_wconf 79' lang='lat' dir='ltr'>aequo</span> <span class='ocrx_word' id='word_1_486' title='bbox 681 4622 752 4674; x_wconf 86' lang='lat' dir='ltr'>iuxta</span> <span class='ocrx_word' id='word_1_487' title='bbox 777 4621 970 4674; x_wconf 85' lang='lat' dir='ltr'>collocarentur.</span> <span class='ocrx_word' id='word_1_488' title='bbox 993 4617 1031 4669; x_wconf 90' lang='lat' dir='ltr'>De</span> <span class='ocrx_word' id='word_1_489' title='bbox 1048 4630 1138 4685; x_wconf 88' lang='lat' dir='ltr'>quare</span> <span class='ocrx_word' id='word_1_490' title='bbox 1156 4614 1207 4680; x_wconf 90' lang='lat' dir='ltr'>ipsi</span> <span class='ocrx_word' id='word_1_491' title='bbox 1222 4611 1323 4664; x_wconf 88' lang='lat' dir='ltr'>codices</span> <span class='ocrx_word' id='word_1_492' title='bbox 1346 4611 1473 4678; x_wconf 79' lang='lat' dir='ltr'>signifiea-</span> 
     </span>
     <span class='ocr_line' id='line_1_46' title="bbox 310 4695 1472 4777; baseline -0.003 -21"><span class='ocrx_word' id='word_1_493' title='bbox 310 4703 384 4768; x_wconf 78' lang='lat' dir='ltr'>baut,</span> <span class='ocrx_word' id='word_1_494' title='bbox 402 4714 510 4775; x_wconf 87' lang='lat' dir='ltr'>quoram</span> <span class='ocrx_word' id='word_1_495' title='bbox 529 4707 574 4760; x_wconf 85' lang='lat' dir='ltr'>alii</span> <span class='ocrx_word' id='word_1_496' title='bbox 592 4709 697 4776; x_wconf 83' lang='lat' dir='ltr'>assequi</span> <span class='ocrx_word' id='word_1_497' title='bbox 705 4715 817 4777; x_wconf 82' lang='lat' dir='ltr'>possent,</span> <span class='ocrx_word' id='word_1_498' title='bbox 837 4708 880 4761; x_wconf 89' lang='lat' dir='ltr'>alii</span> <span class='ocrx_word' id='word_1_499' title='bbox 896 4706 1004 4775; x_wconf 81' lang='lat' dir='ltr'>assequi</span> <span class='ocrx_word' id='word_1_500' title='bbox 1015 4709 1107 4775; x_wconf 84' lang='lat' dir='ltr'>posset</span> <span class='ocrx_word' id='word_1_501' title='bbox 1121 4700 1163 4752; x_wconf 79' lang='lat' dir='ltr'>ael</span> <span class='ocrx_word' id='word_1_502' title='bbox 1177 4699 1265 4769; x_wconf 82' lang='lat' dir='ltr'>possit</span> <span class='ocrx_word' id='word_1_503' title='bbox 1279 4697 1387 4751; x_wconf 77' lang='lat' dir='ltr'>babeat:</span> <span class='ocrx_word' id='word_1_504' title='bbox 1405 4695 1472 4750; x_wconf 71' lang='lat' dir='ltr'>unde</span> 
     </span>
    </p>
   </div>
   <div class='ocr_carea' id='block_1_7' title="bbox 0 0 1780 5492">
    <p class='ocr_par' dir='ltr' id='par_1_7' title="bbox 0 0 1780 5492">
     <span class='ocr_line' id='line_1_47' title="bbox 0 0 1780 5492; baseline 0 0"><span class='ocrx_word' id='word_1_505' title='bbox 0 0 1780 5492; x_wconf 95' lang='lat' dir='ltr'> </span> 
     </span>
    </p>
   </div>
  </div>
 </body>
</html>
