3550 5492
720 546 913 611 ..3..

197 779 199 783 ,
236 715 273 773 ut
296 707 437 794 impurus
466 707 557 774 heluo
584 707 687 773 turbet
721 711 960 795 rempublicam,
989 718 1025 776 ut
1054 712 1262 779 amaioribus
1285 715 1397 780 nostris

237 808 587 897 possessiones'rolictas
615 810 772 894 disperdat
800 831 835 873 ac
858 812 1002 897 dissipet,
1032 820 1067 876 ut
1088 814 1129 878 sit
1152 836 1214 878 non
1236 816 1340 881 minus
1364 818 1397 880 in

238 916 344 1002 populi
366 916 498 981 Romani
513 915 697 1000 patrimonio
720 935 812 999 nepes
835 937 928 998 quam
943 915 977 978 in
998 937 1063 981 suo.
1100 917 1265 982 Perseribit
1287 919 1320 982 in
1341 941 1399 983 sna

237 1018 305 1101 lege
319 1020 490 1102 vectigalia,
507 1040 584 1104 qnae
600 1018 690 1082 Xuiri
704 1017 851 1100 vendant,
874 1017 931 1082 boc
956 1025 1013 1101 est,
1034 1020 1196 1103 perscribit
1222 1021 1397 1107 auctionem

237 1119 431 1204 publicorum
449 1121 607 1184 bonorum.
637 1121 735 1201 Agros
751 1120 811 1183 emi
827 1119 896 1185 unilt
918 1120 971 1205 qui
993 1120 1181 1203 dividantur,
1205 1125 1325 1207 quaerit
1343 1146 1397 1208 pe-

238 1219 379 1287 cuniam:
395 1220 538 1286 videlicet
552 1221 736 1303 excogitabit
750 1220 868 1305 aliquid
883 1227 975 1307 atque
991 1223 1105 1287 afferet.
1138 1223 1219 1286 Nam
1233 1227 1398 1310 superiori-

239 1328 297 1390 bus
318 1324 471 1410 capitibus
493 1326 630 1407 dignitas
653 1324 758 1411 populi
780 1324 912 1388 Rornani
935 1324 1118 1407 violabatur,
1142 1347 1253 1389 nornen
1276 1328 1399 1413 imperii

238 1429 272 1492 in
294 1448 456 1493 commune
485 1427 594 1511 odium¹
611 1427 700 1490 orbis
722 1432 820 1490 terrae
843 1426 1024 1509 vocabatur,
1047 1429 1139 1491 urbes
1167 1434 1309 1513 pacatae,
1333 1431 1399 1512 agri

237 1531 398 1613 sociorum,
420 1549 527 1610 regum
548 1527 773 1618 status-Xuiris
796 1528 1004 1593 donabantur:
1029 1550 1111 1593 nune
1133 1518 1294 1613 praesens,
1317 1537 1400 1597 certa

237 1633 373 1717 pecunia
396 1640 558 1697 numerata
585 1632 710 1716 petitur.
761 1631 894 1715 Expecto
920 1633 996 1715 quid
1024 1633 1290 1718 tribunusplebis
1319 1635 1424 1718 vigi-3

325 1798 345 1840 8.
355 1798 474 1846 proscribit
487 1789 612 1835 auctionem.
626 1816 651 1824 -
656 1797 749 1844 pecunia
764 1793 893 1845 [numera]
909 1798 1028 1842 quaeritur.
1041 1815 1066 1824 —

239 1945 308 1996 bere.
343 1943 410 1995 Nam
422 1943 478 2007 hoc,
491 1943 559 2009 qued
577 1942 663 1994 omnia
680 1943 830 1993 nominatim
843 1941 979 2009 vectigalia
992 1948 1179 2006 enuntiarentur,
1197 1945 1322 2011 imprimis
1332 1947 1397 1999 ritu-

240 2029 326 2094 perari
344 2045 360 2080 a
377 2028 499 2081 Cicerone
517 2028 630 2081 ostendit
647 2028 714 2079 inira
732 2029 772 2091 §4
789 2034 816 2080 et
834 2034 899 2080 orat.
917 2028 949 2091 ll,
970 2027 1009 2091 18,
1027 2029 1068 2082 48.
1102 2029 1186 2092 Quare
1202 2034 1272 2083 recte
1289 2029 1397 2101 utroque

238 2113 296 2165 loco
314 2115 384 2178 (nam
400 2112 562 2181 proscribere
580 2113 608 2162 in
626 2113 680 2180 lepe
706 2112 845 2180 vectigalia
868 2128 900 2162 ne
918 2112 979 2164 terri
1001 2114 1103 2179 quidem
1126 2130 1202 2182 pesse
1225 2117 1353 2182 existimo)
1370 2120 1398 2170 in

238 2198 370 2251 codicibus
387 2199 456 2251 tradi
474 2199 584 2251 arbitror
599 2198 745 2266 perscribit.
774 2201 807 2250 at
824 2199 892 2250 inira
909 2200 949 2263 §4
968 2200 1057 2252 audite
1069 2201 1213 2253 auctionem
1221 2196 1398 2274 proscriptam

239 2304 257 2338 a
276 2283 379 2336 tribuno
398 2284 482 2352 plebia
500 2289 526 2336 et
549 2285 676 2337 sententia
693 2288 720 2336 et
742 2285 858 2338 codicum
882 2287 1022 2338 auctoritas
1045 2289 1208 2341 conveniunt.
1235 2318 1268 2326 —
1295 2290 1397 2358 afferet.

239 2373 309 2426 Nota
325 2374 428 2441 proprie
445 2373 496 2425 diei
513 2372 613 2440 aspere
630 2372 662 2423 de
680 2373 756 2425 rebus
774 2373 807 2424 ad
825 2389 877 2424 rem
902 2375 1091 2442 pertinentibus
1109 2393 1139 2429 ac
1157 2376 1305 2440 commodis,
1331 2378 1398 2430 sicut
1474 2364 1477 2369 ⁵

240 2459 296 2512 oat.
314 2460 373 2511 mai.
391 2459 416 2521 6,
435 2458 466 2510 ll
484 2458 552 2509 nillil
568 2458 650 2525 igiter
666 2457 810 2525 osj'erant,·
823 2459 869 2525 pai
891 2459 919 2509 ia
935 2475 964 2510 re
986 2460 1101 2527 gerenda
1119 2460 1224 2512 versari
1245 2468 1397 2515 senectutem

237 2545 369 2614 neganti.
387 2560 409 2596 e.
428 2544 490 2596 nihil
508 2544 652 2612 argumenti
669 2545 812 2611 proferunt.
852 2545 930 2596 Ratio
954 2549 1039 2597 autem
1062 2547 1246 2599 sententiarum
1268 2546 1332 2599 haec
1350 2552 1398 2613 est,

238 2635 267 2684 ut
285 2630 318 2683 ab
336 2629 515 2683 coniunctione
533 2628 655 2680 uidelicet
676 2629 800 2695 quaedam
825 2630 899 2696 quasi
922 2629 1043 2697 apodosis
1065 2630 1214 2698 incipiatur:
1241 2645 1299 2682 eum
1322 2644 1398 2699 agros

239 2715 291 2767 emi
308 2715 379 2779 velit,
397 2730 455 2766 cnm
473 2715 579 2780 quaerat
595 2713 740 2780 pecuniam,
758 2714 877 2764 nimirum
897 2713 993 2780 aliquid
1011 2714 1176 2781 excogitabit.
1198 2715 1312 2784 Itemque
1330 2714 1400 2767 dein-

239 2817 314 2870 ceps:
333 2799 397 2852 (lum
421 2816 489 2852 nunc
511 2827 545 2836 -
569 2800 680 2866 pecunia
702 2802 818 2865 petatur,
844 2802 966 2867 expecto,
993 2800 1054 2868 quid
1075 2800 1134 2852 trib.
1153 2801 1188 2868 pl.
1211 2790 1347 2869 excogitet.
1366 2830 1399 2838 —

238 2887 355 2955 dignitas
368 2901 432 2952 pop.
450 2883 524 2935 Rara.
542 2883 689 2935 violabatur
707 2884 805 2936 ratione
823 2885 983 2935 comitiorum
1002 2887 1113 2947 mutata,
1135 2901 1227 2936 namen
1245 2885 1350 2953 imperii
1366 2915 1399 2922 -

238 2971 383 3024 vecabntur
404 2986 435 3021 ea
457 2969 547 3022 Xuiris
570 2971 698 3037 potestate
725 2971 864 3037 permissa,
895 2986 960 3037 quae
983 2971 1103 3040 gentibus
1129 2971 1298 3024 intolerabilis
1324 2976 1399 3036 esset,

239 3056 315 3110 urbas
329 3063 486 3125 pacatae-
498 3054 671 3119 donabantur,
690 3054 766 3122 qnod,
783 3072 848 3123 quae
866 3057 899 3108 ab
918 3072 985 3109 anno
995 3057 1028 3110 88
1046 3057 1149 3126 publiea
1165 3072 1226 3126 pop.
1239 3058 1312 3110 Rom.
1330 3058 1400 3111 faeta

239 3143 539 3208 erantrenireiubebat.
562 3143 666 3195 Falsum
677 3146 762 3195 autem
780 3147 827 3208 est,
846 3144 913 3211 quod
931 3143 987 3196 cod.
1007 3142 1122 3197 nestertl
1141 3145 1219 3197 habet
1241 3143 1399 3208 denudatam

240 3245 299 3281 nam
309 3235 392 3297 statas
405 3230 504 3283 adiecto
516 3230 609 3298 plurali
619 3235 645 3281 et
659 3231 714 3299 ipse
723 3230 830 3298 pluralis
843 3231 941 3282 numeri
951 3235 1000 3296 est,
1010 3232 1076 3283 sicut
1089 3231 1164 3300 epist.
1175 3231 1222 3296 IX,
1233 3233 1283 3297 o‚4
1301 3231 1339 3284 Ar
1353 3218 1400 3285 boc

240 3314 366 3369 viderint
381 3315 415 3378 ii,
441 3315 488 3384 qui
517 3316 591 3367 nulla
618 3314 806 3384 sibiffsabsidia
828 3315 865 3367 ud
882 3333 967 3368 altrices
989 3307 1400 3387 11116εἱατηὲραναυενιιηῐμ-

237 3416 372 3469 praecem,
391 3406 463 3452 certa
477 3401 592 3468 pecunia
610 3407 754 3452 cancerata.
790 3400 870 3452 Recte
888 3401 940 3452 lere
959 3400 990 3452 de
1008 3401 1056 3454 hoc
1074 3401 1131 3454 loco
1149 3402 1272 3455 iudicavit
1289 3404 1322 3459 11.
1341 3401 1399 3455 Chr.

238 3488 282 3541 Fr.
300 3486 440 3542 Gebhardt
458 3485 592 3539 Observat.
610 3487 666 3540 crit.
686 3486 787 3548 (Curiae
803 3487 975 3556 Regnitianae
995 3487 1072 3552 1839)
1089 3488 1101 3541 Ι
1119 3505 1147 3557 p.
1164 3491 1189 3542 4.
1217 3487 1400 3556 coniungenda

240 3573 309 3625 enim
327 3575 368 3626 est
381 3571 495 3641 pecunia
519 3579 664 3635 nirrrierata,
682 3573 698 3624 i.
717 3587 739 3624 e.
758 3587 810 3624 nen
832 3587 875 3636 ea,
904 3587 968 3640 qnae
991 3574 1018 3625 in
1036 3574 1118 3641 agris,
1152 3575 1243 3625 annuis
1266 3560 1399 3635 reditibus,

241 3659 412 3729 suppellectili
435 3660 486 3711 sita
507 3658 554 3722 sit,
580 3659 627 3712 sed
654 3675 684 3711 ca
710 3674 775 3728 qnae
793 3673 854 3711 auro
873 3662 899 3710 et
917 3662 1022 3728 argento
1040 3660 1141 3728 signato
1159 3662 1267 3721 constet,
1294 3670 1400 3724 eamque

239 3745 326 3814 ipsam
342 3747 476 3813 pecuniam
495 3750 655 3799 numeratam
666 3745 758 3798 Rullus
776 3761 833 3798 esse
851 3746 907 3799 vult
915 3753 1087 3815 praesentem,
1104 3746 1234 3798 utstatim
1253 3745 1291 3795 uti
1307 3742 1400 3810 possit,

241 3835 268 3884 et
286 3838 397 3896 certam,
416 3848 466 3885 non
484 3835 558 3887 cuins
581 3836 651 3886 certa
675 3834 760 3885 lutura
777 3835 812 3886 sit
835 3819 935 3886 summa
952 3835 1022 3896 (iram
1040 3832 1129 3884 dicere
1146 3832 1203 3898 ipse
1221 3833 1286 3882 erat.
1303 3828 1340 3892 II,
1359 3825 1400 3891 13,

239 3898 275 3969 3¹3
292 3922 319 3970 et
337 3916 384 3982 20,
401 3918 434 3971 54
452 3922 478 3970 et
495 3917 542 3982 25,
560 3919 592 3971 ol
611 3917 837 3980 innumerabilem,
855 3918 918 3970 ibid.
937 3918 983 3981 22,
1001 3917 1035 3969 60
1052 3916 1183 3982 definitam
1201 3915 1336 3983 appellat),
1354 3914 1400 3967 sed

241 4018 317 4070 quam
336 4007 499 4073 accepturum
518 4020 545 4056 se
563 4008 633 4058 certo
646 4005 729 4072 possit
745 4020 855 4071 sperare.
886 4003 1041 4070 Scripsimus
1060 4005 1145 4054 alitem
1158 4001 1267 4070 petitur,
1285 4001 1400 4069 quisita

240 4089 353 4157 optimus
371 4089 454 4142 codex
466 4094 552 4143 noster
569 4091 660 4154 habet3
679 4090 791 4158 alioquin
809 4105 841 4166 ne
859 4090 996 4158 piraeritar
1007 4089 1118 4156 qudem,
1137 4088 1205 4156 quod
1217 4087 1309 4156 reliqui
1322 4104 1398 4156 prae·

240 4173 312 4237 bent,
329 4172 405 4225 debet
423 4173 566 4243 displicere.

327 4274 352 4329 3.
370 4276 438 4328 silea
456 4275 567 4329 Scantia
585 4279 799 4330 commemoratur
815 4277 892 4329 etiam
904 4280 976 4329 orat.
993 4274 1074 4341 lll,4,
1089 4276 1120 4331 15
1138 4280 1164 4330 et
1181 4275 1399 4344 aquaeScaatiae

240 4366 302 4417 sunt
320 4364 388 4432 apud
397 4365 462 4417 Plin.
476 4367 527 4416 nat.
538 4364 597 4418 hist.
605 4364 638 4440 11ξ
648 4365 706 4419 240.
729 4364 781 4417 Sed
798 4365 843 4417 ubi
861 4363 1031 4423 baecluerint
1047 4365 1167 4419 nescitur.
1184 4392 1218 4401 —
1235 4362 1333 4416 relictis
1339 4379 1399 4432 pos-

240 4450 403 4504 nacionibus.
435 4452 488 4504 Has
502 4467 564 4505 care
579 4441 710 4504 existimes
723 4466 789 4514 esse,
807 4466 872 4518 quae
886 4451 956 4519 apud
972 4451 1010 4503 rei
1027 4451 1143 4520 agrariae
1160 4452 1298 4522 scriptores
1313 4449 1399 4516 appel·

239 4534 328 4589 lentur
358 4527 534 4589 radicale.
562 4550 614 4587 non
642 4535 794 4603 assignata,
820 4534 851 4587 de
882 4535 975 4603 quibus
1002 4535 1145 4605 disputavit
1169 4535 1201 4588 Α.
1223 4532 1338 4588 Rudorff.
1364 4530 1397 4585 ad

241 4618 299 4672 Gar.
318 4619 474 4674 Lachmanni
491 4621 646 4689 gromaticos
663 4624 763 4674 veteres
781 4621 805 4673 ll
821 4637 848 4690 p.
865 4620 924 4674 393.
963 4621 1013 4674 Sed
1034 4622 1139 4675 relictae
1164 4622 1342 4689 possessiones
1359 4618 1397 4670 di·

930 4698 934 4706 .
1160 4701 1194 4759 l,
