3550 5492
781 603 995 666 „45-

300 783 493 869 privaretur.
544 781 670 844 Totiens
703 779 822 862 legibus
850 781 979 862 agrariis
1008 785 1160 845 curatores
1194 781 1354 845 constituti
1383 789 1466 864 sunt,

301 883 424 964 HIviri,
447 883 545 963 Vviri,
569 866 673 946 Xuiri:
696 903 808 967 quaero
831 904 850 944 a
871 882 1012 967 populari
1034 883 1159 946 tribuno
1180 883 1287 968 plebia,
1311 887 1468 969 ecquando

302 986 371 1052 nisi
394 1002 449 1069 per
463 984 581 1048 XXXV
596 984 694 1048 tribus
710 984 802 1048 creati
820 983 913 1046 sunt?
950 985 1072 1048 Etenim
1088 1005 1158 1049 cum
1174 1005 1278 1050 ornnes
1292 994 1467 1071 potestates,

303 1089 456 1174 imperia,
485 1087 657 1151 curationes
686 1087 724 1150 ab
753 1087 898 1151 uniuerso
926 1088 1038 1173 populo
1061 1089 1198 1152 Romano
1226 1092 1376 1174 proficisci
1398 1114 1469 1156 oon-

303 1193 405 1275 venir,
427 1198 496 1257 tum
517 1211 567 1256 eas
588 1184 721 1276 profecto
750 1190 900 1273 maxiano,
931 1212 1009 1275 quae
1038 1192 1269 1256 constituuntur
1297 1194 1336 1256 ad
1363 1180 1468 1280 populi

304 1298 445 1361 fructum
460 1295 596 1379 aliquem
611 1299 641 1357 et
656 1293 859 1375 commodum,
878 1295 913 1357 in
929 1316 988 1378 quo
1004 1302 1035 1359 et
1049 1296 1186 1360 universi
1208 1295 1354 1380 deligant,
1378 1322 1470 1383 quem

303 1399 423 1486 populo
434 1399 572 1463 Romano
594 1396 728 1462 maxime
751 1396 965 1461 consulturum
981 1404 1092 1482 putent
1113 1405 1145 1463 et
1169 1400 1382 1485 unusquisque
1404 1408 1469 1467 stu-

304 1504 359 1567 dio
383 1508 415 1566 et
429 1502 574 1585 suffragio
597 1522 652 1565 suo
667 1501 750 1565 viam
766 1501 827 1564 sibi
850 1501 890 1565 ad
904 1502 1087 1566 beneficium
1103 1504 1330 1587 impetrandum
1347 1507 1468 1570 munire

304 1604 415 1690 possit
450 1603 526 1667 lloo
548 1603 671 1680 tribuno
693 1601 792 1686 plebis
815 1603 1010 1687 potissimum
1033 1606 1174 1684 venitin
1198 1613 1348 1690 mentem,
1370 1596 1467 1693 popu-

304 1708 376 1773 lum
399 1706 572 1770 Romanum
595 1705 776 1769 universum
798 1707 919 1790 privare
942 1709 1107 1792 suffragiis,
1130 1730 1243 1794 paucas
1270 1711 1384 1794 tribus,
1406 1733 1467 1776 non

304 1816 393 1875 certa
415 1807 591 1873 condicione
613 1808 700 1890 iuria,
723 1809 776 1873 sed
793 1808 1044 1875 sortis'beneficio
1059 1811 1184 1876 fortuito
1206 1812 1245 1875 ad
1260 1813 1469 1897 usurpandam

397 1973 515 2019 triumuiri,
533 1973 674 2022 quinquenos.
688 1991 713 2001 -
739 1975 809 2014 stuata
822 1986 849 2015 ac
866 1977 980 2024 suffraqe'o.
994 1995 1020 2003 —
1034 1975 1245 2024 beneflctosortuitu.

306 2105 335 2157 in
357 2101 411 2156 una
433 2118 461 2155 re
482 2101 577 2169 populo
595 2101 687 2160 Rullus
704 2104 827 2171 eriperet,
853 2105 956 2157 initium
978 2106 1005 2157 in
1032 2106 1149 2159 omnibus
1170 2107 1246 2159 rebus
1264 2106 1392 2160 adimendi
1410 2107 1471 2160 feeit

306 2183 503 2258 pessimumque
520 2187 664 2255 exemplum
679 2190 821 2241 constituit.
839 2218 873 2227 -—
891 2191 1023 2256 ecquando
1042 2191 1126 2243 creati
1142 2192 1218 2242 sunt?
1242 2192 1470 2259 interrogationem

307 2276 438 2329 directam
461 2273 537 2342 atque
562 2273 731 2326 indicativum
753 2275 869 2342 postulat
892 2276 1010 2328 codicum
1028 2277 1101 2329 ratio.
1146 2276 1261 2329 Necdum
1283 2278 1370 2331 inveni
1387 2277 1471 2330 locum

304 2361 379 2430 apud
393 2359 549 2424 Ciceronem,
567 2361 610 2411 ubi
629 2360 761 2428 ecquando
778 2362 805 2412 in
817 2361 1019 2430 interrogatione
1031 2362 1155 2414 indirecta
1165 2366 1283 2429 ponatur.
1306 2363 1362 2415 Etsi
1380 2364 1473 2431 ecquid

306 2449 375 2503 satis
394 2463 471 2516 saepe
489 2449 527 2500 sic
543 2448 655 2514 ponitur.
691 2447 735 2501 Oi.
753 2453 816 2501 orat.
832 2449 856 2513 1,
874 2451 904 2514 4,
925 2451 964 2502 11.
982 2479 1016 2487 -
1030 2457 1179 2518 potestates,
1199 2450 1316 2518 inputa.
1351 2450 1422 2501 Haec
1439 2449 1472 2501 ad

306 2551 364 2587 rem
382 2533 520 2587 militarem
538 2535 667 2602 pertinent
685 2551 715 2587 ac
734 2551 886 2604 quamquam
907 2551 972 2603 quae
989 2552 1089 2588 summa
1108 2540 1168 2588 sunt
1185 2537 1300 2603 imperia,
1319 2535 1407 2587 eadem
1426 2550 1471 2602 po·
1543 2524 1547 2531 ’

307 2624 432 2675 testatem
450 2619 558 2684 babent,
577 2620 701 2687 quaedam
719 2625 805 2674 tamen
824 2625 884 2674 sunt
902 2625 1057 2689 potestates,
1076 2622 1146 2674 velut
1164 2622 1294 2684 aedilicia,
1317 2620 1470 2688 quaestoria,

306 2722 376 2776 quae
393 2706 509 2774 imperio
521 2710 633 2759 careant.
671 2705 822 2759 Curationes
841 2711 927 2760 autern
945 2708 1071 2771 dicuntur,
1089 2723 1154 2775 quae
1175 2723 1225 2760 nou
1244 2709 1383 2773 perpetuae
1402 2709 1470 2769 sunt,

309 2792 359 2845 sed
377 2791 504 2844 adunam
524 2795 620 2845 certam
638 2809 691 2846 rem
709 2794 887 2857 instituuntur,
905 2794 1116 2861 appellanturque
1134 2809 1166 2845 en
1183 2807 1288 2845 numero
1310 2807 1410 2855 eorum,
1428 2792 1471 2858 qui

308 2877 505 2948 praeficiuntur.
524 2906 557 2917 -
576 2879 661 2931 studio
689 2886 715 2932 et
736 2878 862 2947 suffroqio
886 2896 939 2931 siro.
975 2879 1022 2931 Est
1040 2880 1113 2946 quasi
1130 2878 1156 2929 ἓν
1175 2877 1215 2930 διὰ
1233 2878 1314 2941 δυοῖν,
1340 2879 1471 2929 1111111111-

309 2963 453 3018 11111111111.
471 2963 536 3017 illud
553 2965 746 3033 intelligendum
765 2973 812 3028 est,
831 2964 899 3033 quod
918 2966 944 3016 in
956 2965 1077 3031 suffragio
1095 2967 1122 3017 et
1139 2980 1186 3017 suo
1197 2964 1301 3016 ferendo
1320 2967 1346 3016 et
1363 2962 1471 3015 aliorum

308 3050 485 3117 comparando
509 3051 587 3103 situm
610 3054 658 3104 est.
694 3051 777 3115 Quare
803 3053 884 3120 magis
908 3052 990 3120 probo
1013 3050 1166 3120 particulam
1185 3058 1210 3103 ct
1230 3067 1306 3119 quam
1325 3049 1393 3117 quod
1411 3048 1471 3101 olim

309 3137 447 3205 legebatur
465 3154 504 3197 ac.
523 3165 557 3174 -
575 3136 633 3189 Hoc
651 3139 724 3205 quasi
742 3138 869 3206 praeludit
887 3138 1015 3190 infinitivo
1029 3139 1140 3207 privare
1158 3138 1323 3206 additurque,
1340 3137 1400 3205 quia
1416 3136 1471 3203 ipse

310 3221 456 3275 infinitivus
478 3223 578 3276 obiecto
604 3223 766 3293 ablatiroque
784 3226 925 3278 instructus
946 3241 1035 3293 parum
1057 3224 1125 3277 recte
1144 3242 1159 3276 a
1181 3225 1308 3292 principio
1330 3223 1472 3276 sententiae

310 3308 435 3361 collocari
457 3312 568 3377 poterat.
612 3309 702 3378 Itaque
724 3325 776 3362 non
801 3312 876 3365 modo
900 3312 1011 3376 inutilis,
1039 3327 1126 3364 rerum
1150 3312 1227 3364 etiam
1249 3326 1338 3379 parum
1357 3312 1417 3376 apta
1433 3312 1473 3360 est

310 3394 425 3447 Ernestii
443 3395 590 3448 coniectura
609 3396 680 3448 Huic
699 3396 800 3449 tribuno
814 3398 908 3467 plebis,
927 3415 993 3467 quae
1011 3399 1148 3452 Seruilium
1166 3398 1248 3465 magis
1266 3399 1342 3464 quam
1360 3396 1473 3447 tribuna-

311 3484 377 3545 tum,
396 3481 539 3534 naturalem
558 3483 641 3551 plebis
659 3484 813 3551 praesidem,
832 3484 912 3538 ederi.
930 3513 964 3522 —
981 3503 1033 3537 oron
1051 3493 1122 3540 certa
1134 3484 1282 3536 condicione
1300 3482 1374 3534 iuris.
1397 3480 1472 3532 Certa

309 3566 376 3618 iuris
394 3567 512 3621 condicio
535 3568 638 3635 fuisset,
663 3571 686 3623 si
709 3572 787 3624 certis
811 3572 929 3624 tribubus
953 3573 1103 3624 nominatim
1121 3573 1276 3638 potestatem
1298 3566 1472 3620 faciendorum

314 3652 429 3705 Xuirum
447 3653 561 3707 dedisset
579 3672 659 3723 eoque
677 3661 746 3710 recte
766 3658 880 3710 adbiberi
898 3659 1034 3725 potuisset,
1053 3658 1075 3711 si
1093 3656 1154 3725 quid
1172 3655 1204 3708 ad
1222 3657 1347 3706 1111111111
1359 3651 1472 3702 tribuum

310 3753 387 3790 usum
405 3745 582 3806 quaereretur:
603 3743 629 3795 in
646 3744 694 3796 hac
711 3745 813 3811 quidem
831 3744 888 3812 lege
899 3743 1016 3807 Seruilia,
1034 3759 1100 3812 quae
1117 3743 1196 3793 totius
1210 3738 1299 3807 populi
1311 3735 1471 3789 commodum

311 3825 536 3892 complecteretur,
554 3830 577 3881 si
594 3829 648 3882 ulla
670 3831 732 3882 iuris
750 3831 886 3882 diversitas
910 3833 979 3883 esset
1002 3830 1127 3891 admissa,
1149 3841 1242 3890 magna
1265 3823 1394 3875 videretur
1415 3835 1472 3872 esse
1544 3882 1552 3889 ⁶

311 3911 450 3964 iniustitia.
485 3911 548 3967 Sors
565 3915 667 3983 quidem
686 3917 828 3969 communis
846 3920 887 3968 est
906 3917 1027 3969 omnium.
1066 3914 1155 3980 ltaque
1173 3908 1372 3978 deprehenditur
1388 3907 1415 3958 in
1432 3906 1472 3959 bis

312 3997 443 4049 calumnia
460 4000 585 4066 quaedam
603 4003 877 4071 oratorisquantoque
901 4003 985 4071 magis
1008 4016 1066 4053 eum
1090 3998 1265 4050 existimamus
1282 3995 1362 4048 fuisse
1380 3993 1473 4046 elama-

311 4084 414 4147 turom,
432 4084 455 4135 si
475 4085 541 4138 forte
559 4086 651 4141 Rullus
673 4105 697 4140 v.
715 4104 737 4141 c.
757 4090 868 4142 urbanas
886 4090 969 4142 tribus
1000 4086 1137 4139 exemisset
1161 4095 1187 4135 et
1208 4098 1269 4152 prae
1292 4081 1384 4136 ceteris
1406 4081 1474 4132 inter

311 4166 392 4220 xvn
408 4183 466 4222 esse
482 4169 614 4225 iussissett
638 4153 676 4210 —’
689 4174 803 4241 fortuita
820 4175 846 4227 h.
865 4174 966 4241 quidem
985 4173 1003 4224 l.
1021 4175 1061 4224 est
1079 4169 1241 4233 adieetirum,
1259 4183 1309 4235 quo
1327 4166 1473 4220 111111111-

312 4267 370 4306 cem
389 4253 506 4310 beueficii
523 4273 574 4311 uon
592 4261 677 4312 minus
696 4264 798 4328 oportet
810 4273 886 4327 quam
903 4260 966 4311 iuris
985 4274 1063 4326 supra
1081 4259 1193 4309 ornatur.
1220 4255 1308 4323 Neque
1326 4253 1473 4305 adverbium

312 4340 434 4404 fortuitu,
452 4344 521 4411 quod
539 4345 600 4398 olim
618 4346 749 4411 edebatur,
767 4348 835 4399 bona
844 4346 993 4399 Latinitatis
1012 4347 1095 4397 aetate
1108 4347 1259 4411 usurpatum
1268 4345 1348 4409 atque
1361 4356 1375 4391 a
1387 4353 1473 4392 recen-

312 4426 423 4478 tissimis
442 4427 543 4482 demum
562 4433 732 4502 scriptoribus
749 4433 881 4484 inuentum
900 4447 956 4484 esse
974 4429 1154 4484 docuitHand.
1173 4429 1314 4496 Turslip.
1325 4425 1383 4488 tta,
1401 4425 1481 4476 cuius·

313 4512 439 4566 iudicium
461 4515 512 4568 iam
535 4518 559 4571 h.
581 4519 598 4571 1.
621 4519 836 4586 praestantissimi
854 4517 946 4571 codti
971 4518 1121 4570 auctoritate
1145 4515 1316 4569 confirmatur.
1358 4510 1473 4563 Libertas

315 4601 403 4652 autem
420 4600 448 4652 iu
466 4616 497 4654 eo
515 4608 556 4656 est
573 4606 669 4673 posita,
686 4608 715 4659 ut
732 4606 782 4658 nisi
799 4621 873 4673 quem
892 4606 948 4674 ipse
966 4605 1064 4669 feceris,
1082 4619 1133 4656 non
1146 4603 1255 4671 praesit:
1274 4613 1351 4667 quare
1367 4597 1474 4650 libertas

313 4689 465 4756 131111)ῧῖΠῆ
483 4705 541 4743 cum
559 4693 671 4769 popolus
688 4709 733 4747 eos
751 4692 794 4760 qui
812 4693 863 4747 sibi
879 4692 1015 4759 imperent,
1033 4692 1088 4759 ipse
1106 4689 1216 4742 comitiis
1234 4689 1312 4740 creat
1398 4696 1401 4701 ’
