3550 5492
815 586 1029 652 „73-

345 752 400 815 deo
422 751 476 834 qui
491 754 709 815 testamentum
731 752 846 815 fectum
868 770 936 815 esse
951 749 1123 815 confirmet:
1147 748 1372 815 auctoritatem
1390 760 1500 815 senatus

345 861 447 918 extare
470 853 650 918 hereditatis
673 853 774 917 aditae
796 854 912 936 sentio,
935 859 1019 935 tum,
1043 854 1164 936 quando
1186 853 1374 919 Alexandro
1396 860 1500 919 mortue

344 959 466 1042 legates·
481 958 600 1041 Tyrum
620 957 773 1040 misimus,
795 958 849 1041 qui
872 957 910 1020 ab
932 956 986 1020 illo
1007 956 1171 1041 pecuniam
1193 956 1376 1043 depositam
1402 956 1501 1023 nostris

301 1066 335 1119 42
343 1066 573 1147 recuperarent:
608 1061 682 1125 haec
710 1060 745 1125 L.
772 1060 953 1148 Philippum
980 1082 1071 1147 saepe
1097 1062 1132 1126 in
1165 1067 1280 1127 senatu
1313 1062 1501 1129 confirmata

344 1163 606 1227 memoriatenoo:
630 1184 710 1244 eum,
734 1163 788 1246 qui
809 1182 939 1245 regnum
961 1163 1040 1228 illud
1054 1170 1158 1229 teneat
1171 1164 1229 1230 hoc
1243 1171 1401 1252 tempore,
1417 1186 1501 1251 neque

344 1287 453 1350 genere
476 1287 574 1350 noque
596 1266 699 1330 animo
714 1265 797 1348 regio
819 1286 895 1348 esse,
919 1267 1000 1332 inter
1021 1288 1129 1333 omnes
1142 1269 1206 1333 fere
1220 1269 1315 1334 video
1336 1270 1500 1337 convenire

343 1370 465 1434 Dicitur
487 1376 593 1434 contra
615 1369 739 1433 nullum
760 1389 826 1433 esse
847 1375 1083 1436 testamentum:
1111 1393 1174 1437 non
1196 1377 1340 1459 oportere
1363 1374 1501 1461 populun

343 1473 516 1536 Romanurn
538 1472 678 1536 omnium
692 1491 857 1553 regnorum
872 1478 1067 1557 appetentem
1085 1472 1200 1539 videri:
1223 1474 1459 1558 demigraturos
1476 1475 1501 1539 in

343 1578 398 1642 illa
419 1578 485 1643 loca
507 1583 625 1642 nostros
648 1577 787 1641 homines
809 1583 932 1663 propter
954 1597 1096 1660 agrorum
1118 1574 1289 1642 bonitatem
1314 1584 1348 1643 et
1371 1580 1501 1645 smmum

244 1758 246 1763 ἲ
301 1693 334 1746 43
343 1702 448 1745 rerum
475 1681 603 1766 copiam.
653 1680 720 1744 Hac
748 1684 836 1745 tanta
859 1680 896 1744 de
918 1701 952 1743 re
973 1680 1008 1743 P.
1031 1677 1142 1746 Rullus
1170 1701 1241 1745 eum
1267 1680 1385 1747 ceteris
1408 1680 1500 1749 Xviris
1531 1652 1533 1733 l

433 1854 502 1894 Meso
516 1856 606 1894 mortuo.
620 1874 643 1882 -—
657 1854 688 1894 tt.
702 1864 748 1894 cum
764 1852 855 1904 [ceteris]
871 1855 1002 1895 decemuiris.

343 2005 375 2057 iis
393 2019 457 2072 quae
476 2004 674 2070 consequuntur,
692 2000 832 2071 respondet
849 2000 944 2064 diemo,
961 2000 999 2053 illi
1015 1997 1147 2054 «stertere.¹
1164 1999 1215 2053 Sed
1233 2000 1317 2055 hehet
1333 2002 1418 2057 etiarn
1435 2003 1501 2059 slim

343 2088 554 2158 significationem
572 2088 675 2151 senir're,
693 2103 758 2156 quae
775 2087 853 2157 paulo
870 2090 931 2155 post
948 2088 1074 2156 reperitur
1092 2088 1272 2141 auctoritatem
1289 2097 1406 2144 senatres
1423 2099 1501 2146 επακ

343 2203 376 2212 -
395 2176 475 2227 sentio
493 2176 510 2228 i.
530 2191 551 2228 e.
570 2175 633 2238 scio,
651 2173 727 2242 idque
745 2177 856 2234 testatur
873 2172 1005 2238 Quintx,
1020 2174 1043 2238 l,
1062 2173 1094 2226 13
1112 2171 1183 2226 Nom
1200 2179 1227 2226 ct
1242 2174 1364 2244 intellipo
1384 2184 1414 2231 ct
1430 2176 1501 2231 aaa

344 2268 369 2313 et
384 2260 459 2313 video
477 2277 554 2329 saepe
571 2260 639 2313 idem
656 2261 744 2314 volent
761 2260 830 2329 quod
846 2261 909 2312 seio.
927 2287 961 2298 -
983 2262 1164 2314 auctor-itatem
1186 2268 1290 2314 senatus
1309 2262 1328 2316 i.
1346 2279 1371 2317 e.
1391 2268 1500 2319 senates

343 2347 496 2411 consultum,
514 2349 556 2400 cui
567 2347 663 2400 tribuni
675 2347 758 2416 plebis
775 2348 983 2412 intercesserunt,
1002 2347 1119 2416 quodque
1136 2362 1192 2401 eam
1211 2347 1244 2400 ob
1261 2362 1371 2402 caumm
1391 2350 1499 2405 ellectum

343 2431 441 2485 nullum
459 2433 563 2497 habuit;
581 2432 619 2485 sic
638 2432 705 2485 enim
723 2433 772 2485 rite
790 2435 937 2499 usurpatur.
975 2431 1036 2504 Ipsa
1052 2447 1102 2496 res,
1120 2447 1196 2500 quarn
1214 2430 1304 2486 Cicero
1323 2432 1379 2488 h.l.
1400 2450 1500 2489 comm·

341 2520 432 2580 morat,
449 2519 537 2586 ignota
555 2519 603 2568 est.
625 2516 681 2568 Hoc
692 2519 791 2568 tantum
804 2516 907 2580 scimus,
925 2530 1011 2584 regern
1020 2516 1195 2569 Alexandrum
1213 2531 1279 2583 eum,
1297 2535 1380 2589 aquo
1400 2536 1498 2589 regnu!

340 2602 464 2655 Romanis
481 2603 597 2656 relietum
616 2618 673 2656 esse
691 2602 816 2667 diximus,
839 2617 897 2656 eum
923 2602 1024 2671 magnis
1047 2602 1174 2657 thesauris
1196 2604 1286 2657 matris
1311 2605 1341 2658 in
1358 2605 1400 2661 Go
1423 2606 1498 2661 iosuh

340 2703 397 2741 osse
415 2688 532 2742 relictum
550 2690 637 2758 ibique
654 2690 802 2744 educatum:
827 2690 871 2749 ubi
889 2706 948 2744 curn
972 2705 1038 2743 anno
1057 2689 1090 2744 86
1114 2691 1233 2744 inventus
1255 2696 1327 2746 esset
1349 2695 1384 2748 ab
1403 2696 1496 2750 stitio-

339 2774 406 2839 date‚
424 2775 501 2828 Ponti
519 2792 591 2846 rege,
610 2783 671 2830 tunc
689 2777 785 2830 bellurn
808 2792 866 2831 curn
884 2777 1007 2830 Romanis
1030 2781 1142 2845 gerente,
1157 2780 1231 2846 parte
1248 2777 1435 2835 thesaurorum
1450 2780 1495 2851 pri

337 2866 425 2926 vatus,
447 2861 493 2914 sed
515 2862 571 2931 ipse
592 2862 662 2930 regie
680 2861 788 2924 habitus
812 2865 853 2914 est
871 2860 951 2930 (App.
968 2861 1027 2914 bell.
1044 2862 1131 2914 hiithr.
1150 2861 1184 2915 23
1202 2866 1227 2914 et
1243 2862 1302 2916 bell.
1321 2862 1372 2919 eir.
1391 2864 1414 2931 1,
1433 2864 1493 2929 102)

336 2945 409 2999 Unde
427 2963 485 3001 curn
504 2963 549 3000 rex
567 2947 707 3017 effugisset,
725 2947 758 2999 ad
770 2947 799 3000 L.
818 2947 917 3001 Sullam
928 2948 1046 3015 pervenit
1063 2949 1095 3001 ab
1108 2964 1197 3017 eoque,
1215 2954 1244 3002 ut
1256 2947 1493 3014 demonstravimus,

336 3033 456 3102 Aegypto
475 3035 611 3101 impositus
629 3037 678 3087 est.
705 3033 792 3086 Facile
809 3033 891 3102 igitur
908 3033 1048 3098 credemus,
1066 3035 1209 3100 thesauros,
1226 3035 1430 3104 quoshabebat,
1441 3050 1493 3091 eun

336 3135 394 3173 corn
411 3121 438 3173 in
456 3119 570 3190 Aegypti
587 3135 692 3188 regnum
711 3120 886 3182 ascisceretur,
905 3120 968 3187 Tyri
985 3119 1146 3187 deposuisse,
1160 3125 1215 3174 turn
1236 3124 1375 3190 postquam
1398 3122 1492 3177 interiit

335 3205 477 3258 hereditate
495 3206 617 3258 Romanis
635 3205 724 3258 relicta
740 3213 857 3258 senatum
874 3221 905 3257 ea
923 3205 954 3258 de
972 3222 999 3260 re
1017 3207 1180 3272 dehberasse,
1198 3210 1240 3273 et„
1253 3209 1371 3277 quamvis
1389 3222 1492 3279 regnum

335 3292 421 3358 ipsum
439 3291 552 3344 nondum
569 3291 701 3358 possidere
718 3292 846 3359 placeret,
870 3292 994 3363 reliquam
1017 3298 1102 3348 tamen
1125 3295 1293 3349 hereditatem
1310 3295 1383 3358 (narn
1407 3294 1491 3349 relicte

336 3380 392 3429 erat
412 3379 497 3429 certae
516 3376 592 3428 alicui
609 3376 720 3430 ciuitatis
738 3378 815 3445 parti,
838 3375 925 3446 itaque
946 3378 1062 3448 intelligo
1078 3378 1146 3449 quod
1169 3380 1205 3432 ait
1226 3377 1372 3448 depositam
1389 3378 1493 3442 nom)

336 3462 407 3515 adire
424 3462 547 3515 statuisse
565 3479 645 3531 eaque
664 3463 695 3516 de
713 3479 740 3516 re
758 3463 858 3532 legatos
876 3463 974 3531 Tyrum
991 3463 1102 3528 misisse,
1119 3465 1163 3532 qui
1174 3463 1309 3517 thesauros
1326 3462 1366 3516 ibi
1382 3463 1420 3517 ab
1436 3478 1492 3533 rege

336 3546 465 3617 depositos
483 3551 653 3615 asportarent.
683 3547 862 3602 Coniecturam
879 3551 966 3602 tamen
983 3549 1049 3601 hanc
1063 3563 1119 3602 osse
1136 3548 1261 3618 intelligo,
1279 3546 1326 3602 sed
1343 3564 1414 3614 eam,
1431 3562 1493 3619 quse

336 3649 394 3687 curn
411 3634 497 3699 rebus,
514 3651 578 3704 quas
597 3636 735 3704 scriptores
753 3635 922 3700 tradiderunt,
940 3636 1034 3704 optime
1051 3636 1194 3690 conueniat.

420 3721 462 3773 42.
481 3736 545 3785 earn,
563 3721 610 3790 qai
626 3737 733 3790 repausa
750 3720 818 3774 illud
834 3716 919 3774 teneat
936 3723 954 3776 i.
971 3736 994 3775 e.
1012 3721 1201 3786 Ptolemaeum,
1219 3721 1262 3790 qui
1280 3736 1427 3792 cognomen
1444 3722 1493 3777 Au·

335 3805 398 3860 letes
415 3807 536 3872 habebat,
554 3823 627 3876 quem
647 3808 762 3876 spurium
781 3807 862 3860 fuisse
880 3806 1001 3860 diximus.
1040 3806 1118 3860 Cuius
1142 3807 1273 3876 ingenium
1294 3822 1355 3861 cum
1378 3808 1426 3863 elii
1442 3808 1494 3878 qui·

335 3906 433 3959 cunque
452 3893 555 3944 omnino
574 3895 784 3956 commemorant,
799 3892 953 3960 vituperent,
970 3895 1026 3946 turn
1043 3892 1136 3947 Strabo
1154 3892 1231 3947 XVII
1246 3909 1272 3962 p.
1291 3893 1351 3957 796,
1374 3896 1421 3963 qui
1437 3908 1493 3949 corn

335 3993 423 4031 omnes
440 3982 501 4046 post
516 3979 620 4032 tertium
638 3979 778 4032 Ptolemaei
795 3978 861 4031 male
879 3981 1039 4046 regnassent,
1050 3980 1162 4046 pessime
1181 3981 1218 4033 ait
1238 3993 1362 4048 regnasse
1375 3979 1492 4033 ultimum

335 4065 461 4118 hrrletem.
497 4065 571 4128 Quod
590 4069 674 4118 autem
691 4066 768 4133 paulo
786 4070 847 4134 post
864 4070 904 4118 est
921 4071 1089 4134 appetentem,
1107 4069 1195 4118 natum
1213 4070 1253 4118 est
1270 4064 1421 4119 coniectura
1437 4065 1491 4119 llic.

315 4152 445 4218 hugolfi,
463 4150 510 4203 sed
527 4151 681 4204 necessaria.
710 4153 832 4205 Miramur
850 4154 944 4215 autern,
963 4150 1030 4218 quod
1042 4151 1133 4217 deinde
1151 4150 1280 4220 significat
1296 4153 1492 4205 metuissetune

334 4236 508 4289 Romanorum
526 4237 664 4306 principes,
682 4252 714 4291 ne
731 4237 865 4307 Aegyptos
882 4237 910 4288 in
928 4236 1075 4303 provinciae
1092 4237 1201 4289 formam
1218 4234 1324 4288 redacta
1340 4235 1420 4289 nimis
1437 4236 1491 4305 pls·

334 4325 403 4374 ceret
420 4321 518 4374 ciribus
536 4323 658 4376 Romanis
681 4323 749 4392 iique
767 4338 797 4377 eo
821 4322 1005 4390 demigrarent,
1027 4336 1122 4389 paucos
1146 4322 1213 4374 enim
1237 4321 1340 4374 omnino
1359 4322 1490 4377 Romanos

333 4409 426 4476 postea
443 4407 471 4459 in
489 4407 609 4477 Aegypto
628 4409 776 4463 consedisse
794 4408 897 4462 scimus.
932 4409 985 4463 Sed
1001 4409 1150 4479 providerat
1165 4409 1307 4485 Augustus,
1325 4410 1371 4477 qui
1389 4413 1416 4463 et
1433 4424 1490 4480 pro·

333 4494 444 4546 curatori
461 4508 508 4548 suo
526 4511 582 4548 earn
600 4496 759 4565 provinciam
776 4495 882 4549 tradidit
899 4501 926 4550 et
942 4499 1074 4550 senatores
1092 4509 1123 4549 eo
1141 4495 1243 4548 omnino
1260 4493 1393 4563 proticisci
1409 4496 1490 4551 vetuit

333 4580 479 4657 etciritate
497 4581 613 4636 Romana
631 4581 767 4651 Aegyptiis
791 4581 938 4645 interdixit,
958 4595 991 4634 ne
1012 4579 1134 4634 videlicet
1155 4594 1213 4633 cum
1235 4579 1334 4634 civibus
1351 4581 1488 4648 permisce

332 4668 428 4721 rentur.
