3550 5492
807 614 914 657 ,ΧΠ

313 756 377 813 tate
398 752 603 836 possessiones
625 754 800 817 tuebantur.
845 752 991 817 Poterant
1013 751 1107 816 etiam
1128 751 1193 832 illa,
1216 771 1295 835 quae
1318 750 1430 816 divites
1454 772 1474 816 a

295 861 429 927 colonis
451 862 589 928 Sullanis
611 869 718 929 contra
738 863 820 947 leges
848 869 1038 947 coemerent,
1067 865 1102 928 in
1130 851 1314 929 divisionem
1342 863 1472 946 assumi,

311 973 413 1038 multa
440 973 551 1056 etiam,
579 994 658 1058 quae
687 974 775 1040 Sulla
796 975 967 1040 facinorum
995 996 1089 1040 causa
1117 974 1208 1041 sociis
1238 977 1304 1041 suis
1330 974 1471 1057 donarat,

312 1085 457 1167 revocari,
479 1086 565 1150 velut
586 1086 654 1171 ipso
676 1086 733 1152 hoc
755 1091 891 1172 ternpore
906 1087 943 1151 de
964 1086 1110 1173 praemiis
1132 1106 1246 1166 eorum,
1269 1086 1324 1170 qui
1338 1086 1471 1174 proscri-

311 1202 380 1281 ptos
402 1197 590 1276 occiderant,
618 1202 769 1263 certaturn
798 1219 864 1263 esse
886 1203 1016 1264 constat.
1059 1197 1143 1263 Haec
1175 1196 1233 1262 etsi
1253 1219 1327 1263 cum»
1346 1218 1472 1264 summa

311 1307 410 1392 plebis
432 1306 553 1374 laetitia
573 1309 692 1373 moveri
706 1316 857 1394 poterant,
880 1308 1073 1393 intelligebat
1093 1314 1198 1374 tamen
1209 1308 1320 1374 Rullus
1341 1310 1386 1374 ita
1407 1310 1470 1375 mi-

312 1419 389 1484 sceri
412 1419 570 1484 civitatem
585 1419 762 1485 universam
784 1420 960 1505 similiaque
974 1419 1110 1507 pericula
1125 1420 1293 1486 'imminere
1306 1428 1399 1507 atque
1420 1443 1469 1504 ea,

310 1530 423 1614 quibus
447 1530 575 1595 Gracchi
597 1531 672 1609 clim
698 1531 862 1617 perierant.
907 1533 1014 1617 Itaque
1036 1553 1140 1599 omnes
1166 1534 1371 1619 possessiones
1386 1513 1469 1599 'Sul-

309 1641 397 1707 lanas
425 1643 634 1726 confirmavit,
668 1640 825 1728 privatum
855 1664 920 1709 esso
946 1643 1051 1728 iussit,
1080 1645 1228 1730 quicquid
1255 1644 1419 1731 aliquando
1449 1667 1469 1710 1

310 1753 399 1818 Sulla
419 1754 612 1839 publicatum
634 1759 743 1819 esset-
767 1754 979 1821 Veruntamen
1006 1756 1071 1821 iarn
1097 1757 1228 1842 paulum
1256 1757 1323 1841 agri
1349 1756 1468 1842 publici

311 1865 549 1950 relinquebatur
564 1863 604 1929 ad
625 1865 826 1937 dividendum
848 1865 952 1933 idonei
974 1889 1030 1934 noc
1049 1868 1113 1933 fere
1132 1869 1299 1953 quicquam
1314 1868 1382 1933 nisi.
1393 1890 1468 1952 ager

312 1976 497 2062 Campanus.
541 1958 634 2042 Hunc
654 1977 751 2062 igitur
772 1999 895 2062 agrum
902 1978 1094 2065 Campanum
1115 2001 1186 2045 cum
1213 2000 1320 2065 campo
1343 1979 1469 2061 Stellati

313 2199 475 2266 hominum
498 2201 677 2267 sufficiebat.
713 2201 751 2266 In
767 2201 837 2268 aliis
858 2207 963 2269 autem
983 2200 1159 2268 hominibus
1175 2201 1360 2268 deducendis
1375 2203 1466 2287 illud,
1497 2235 1499 2239 ’

310 2312 391 2398 quod
413 2312 448 2378 in
469 2314 621 2378 maiorum
634 2334 730 2384 more
757 2313 892 2400 positum
914 2319 994 2397 erat,
1014 2313 1161 2396 tenebat,
1190 2335 1229 2379 ne
1257 2336 1349 2400 quem
1378 2321 1468 2382 extra

309 2424 432 2490 Italiam
444 2424 615 2490 deduceret.
639 2425 724 2509 =Nam
740 2447 811 2491 oum
822 2425 897 2491 clim
908 2425 1062 2491 Gracchus
1074 2425 1293 2510 Carthaginem
1309 2427 1344 2491 in
1358 2427 1467 2494 Africa

309 2537 424 2606 colonis
446 2523 639 2621 frequentare
662 2538 819 2622 coepisset,
841 2536 875 2601 id
897 2557 959 2602 non
980 2538 1080 2621 modo,
1103 2538 1184 2623 quod
1204 2539 1373 2625 potentiam
1395 2539 1465 2606 eius

309 2651 448 2731 frangere
465 2655 614 2735 cuperent
633 2656 689 2714 aut
709 2648 856 2733 religione
869 2655 1077 2734 moverentur,
1100 2649 1154 2715 sed
1175 2649 1233 2714 hac
1248 2650 1402 2736 imprimis
1426 2651 1466 2716 de

308 2782 409 2827 causa·
421 2760 583 2847 optimates
604 2760 838 2846 impediverant,
862 2762 944 2846 quod
959 2761 1041 2827 cives
1056 2762 1210 2828 Romanos
1232 2766 1320 2826 extra
1339 2762 1466 2828 ltaliam

310 2872 450 2943 collocari
472 2872 658 2960 reipublicae
685 2872 892 2957 perniciosum
913 2895 980 2940 1111
1003 2874 1246 2956 arbitrabantur,
1274 2893 1330 2938 nec
1351 2874 1466 2960 reliqui

311 2984 463 3069 deinceps,
486 2970 627 3070 quamvis
653 2984 719 3067 agri
740 2985 857 3068 publici
878 2986 985 3071 inopia
999 2987 1198 3068 laborarent,
1226 2986 1261 3050 in
1288 2985 1465 3069 provincias

308 3095 458 3182 progressi
480 3101 569 3179 sunt,
597 3094 839 3180 Sullaquidem
865 3102 948 3172 totus
969 3097 1076 3161 Italiae
1098 3096 1212 3160 finibus
1238 3096 1465 3163 continebatur.

309 3208 407 3287 Quem
429 3229 500 3273 cum
521 3207 632 3272 Rullus
653 3207 843 3290 imitaretur,
872 3213 994 3273 coactus
1024 3212 1071 3272 est
1098 3206 1284 3291 emptionem
1311 3206 1464 3292 invenire,

307 3342 369 3406 qua
390 3340 481 3386 nemo
502 3319 693 3406 superiorum
715 3341 790 3384 usus
812 3326 887 3402 erat,
910 3340 1004 3404 quam
1025 3339 1045 3381 a
1065 3318 1217 3384 maiorum
1239 3319 1465 3384 consuetudine

306 3410 467 3498 abhorrere
488 3431 555 3517 ipse
577 3429 681 3498 Cicero
703 3435 778 3496 crat.
800 3431 840 3512 ll,
863 3431 914 3510 25,
931 3430 971 3494 65
994 3411 1158 3515 significat.
1192 3429 1276 3507 Quae
1297 3431 1411 3514 emptio
1434 3432 1464 3496 11

305 3543 352 3610 ita
379 3541 613 3625 instituebatur,
640 3547 677 3606 ut
704 3563 795 3606 nemo
823 3540 1035 3626 depelleretur,
1064 3561 1153 3606 nemo
1181 3523 1300 3606 invitus
1329 3541 1463 3607 vendere

211 3700 213 3704 -
306 3645 472 3741 cogeretur,
494 3630 683 3719 colonorum·
692 3652 905 3718 deductionem
927 3652 1093 3739 apparebat
1114 3673 1177 3717 non
1191 3652 1328 3738 partium
1349 3652 1462 3732 studio,

307 3765 361 3833 sed
382 3765 521 3853 publicae
537 3763 668 3831 alicuius
690 3764 834 3830 utilitatis
856 3785 951 3829 causa
965 3764 1089 3851 suscipi.
1123 3763 1246 3850 Emptio
1268 3769 1378 3830 autem·
1394 3764 1463 3849 ipsa

307 3899 346 3942 ex
366 3876 563 3962 vectigalium
584 3876 760 3942 venditione
782 3881 855 3963 apta
869 3881 944 3959 erat,
967 3896 1060 3960 quarn
1083 3894 1121 3940 ne
1137 3875 1206 3960 quis
1221 3875 1351 3962 nimiam
1364 3875 1463 3940 luisse

307 4009 490 4075 omnemque
510 3990 635 4056 modurn
651 3989 817 4055 excessisse
832 3987 972 4054 Ciceroni
987 3987 1099 4069 credat,
1115 3986 1190 4052 haec
1204 3987 1305 4052 affero.
1335 3986 1462 4071 Triplex

306 4101 431 4187 omnino
452 4101 640 4167 venditionis
661 4122 758 4186 genus
779 4098 891 4165 Rullus
914 4098 1128 4182 constituebat,
1150 4098 1286 4184 primum
1308 4118 1359 4180 ea,
1381 4119 1462 4182 quae

306 4199 584 4279 1111811011.
606 4213 837 4288 dominantibus
859 4213 924 4276 iam
944 4210 1144 4295 optimatibus
1165 4210 1200 4275 in
1221 4230 1335 4293 magna
1355 4210 1463 4296 inopia

305 4323 416 4389 aerarii
437 4324 690 4406 senatus-venire
703 4325 857 4406 iussisset,
879 4322 992 4407 quibus
1006 4320 1227 4408 rempublicam
1249 4342 1350 4386 carere
1371 4342 1463 4406 posse

305 4441 454 4521 putasset,
476 4436 587 4501 deinde
609 4457 646 4500 ea
668 4441 755 4500 extra
775 4435 914 4518 Italiam,
938 4454 1016 4519 quae
1036 4438 1107 4519 post
1129 4453 1245 4516 annum
1268 4431 1311 4496 88
1336 4432 1462 4517 publica

305 4549 411 4633 populi
423 4549 556 4640 Romani
576 4549 657 4613 facta
679 4553 792 4629 essent,
814 4568 894 4632 quae
912 4546 949 4611 in
965 4545 1041 4617 Asia
1054 4544 1189 4609 maxime
1211 4542 1272 4608 sita
1287 4549 1384 4626 erant,
1406 4544 1461 4608 de-

251 4672 253 4678 '
306 4659 401 4748 nique
423 4681 460 4726 ea
480 4660 515 4727 in
536 4659 665 4745 reliquis
689 4658 875 4746 provinciis,
903 4655 1193 4742 quaenominatim
1220 4660 1460 4722 recenserentur.
