3550 5492
766 595 1000 665 -115-

315 761 525 827 constituitur?
553 782 629 826 num
658 763 784 827 obscure
811 761 937 828 libertas
963 769 1068 829 uestra
1093 764 1233 830 tollitur?
1282 764 1364 831 Nam
1390 784 1462 833 cum

313 863 402 931 iidem
425 865 529 931 omnia
549 865 662 951 oppida
686 866 824 931 maxima
844 865 1060 948 multitudine,
1087 865 1119 931 id
1150 874 1197 933 est
1223 873 1321 935 totam
1340 870 1463 937 Italiam

312 966 371 1033 auis
394 968 504 1053 opibus
526 968 720 1050 obsidebunt,
741 968 837 1033 iidem
859 970 995 1032 vestram
1015 966 1189 1031 libertatem
1214 970 1279 1035 suis
1301 971 1462 1056 praesidiis

311 1077 337 1137 ct
357 1072 488 1139 coloniis
514 1073 712 1139 interclusam
734 1074 895 1154 tenebunt,
917 1092 996 1157 quae
1018 1092 1088 1156 spes
1109 1072 1245 1155 undem,
1265 1095 1345 1159 quae
1365 1074 1462 1141 facul·

309 1180 351 1242 tas
373 1175 601 1263 recuperandae
622 1181 740 1240 vestrae
762 1172 914 1239 libertatis
935 1171 1148 1255 relinquetur?

300 1344 311 1367 s
393 1282 456 1363 ,At
482 1281 566 1345 enim
593 1300 665 1362 ager
692 1280 867 1365 Campanus
894 1276 951 1341 hac
978 1275 1045 1358 lege
1073 1273 1228 1341 dividetur
1256 1278 1337 1343 orbis
1362 1283 1503 1350 umacus

307 1383 532 1469 pulcherrimos
554 1387 585 1447 et
607 1381 745 1468 Capuam
770 1382 890 1447 colonia
911 1380 1088 1460 deducetur,
1110 1381 1218 1445 urbem
1239 1381 1463 1466 amplissimam

306 1492 396 1572 atque
426 1485 670 1552 ornatissimam:
699 1492 732 1551 at
759 1485 834 1571 quid
862 1484 902 1549 ad
930 1482 1005 1547 baec
1038 1501 1203 1567 possumus
1232 1479 1372 1548 dicerei“
1416 1486 1463 1550 De

306 1589 463 1655 commodo
485 1590 572 1675 prius
593 1594 695 1654 vestro
717 1588 827 1671 dicam,
851 1587 1000 1666 Quirites:
1026 1585 1137 1651 deinde
1164 1588 1204 1652 ad
1226 1588 1461 1674 amplitudinem

306 1697 334 1756 ot
357 1689 545 1773 dignitatem
567 1696 719 1771 revertar,
746 1695 792 1772 ut,
819 1690 846 1754 si
868 1689 939 1774 quis
961 1689 1026 1772 agri
1049 1693 1105 1753 aut
1125 1689 1229 1775 oppidi
1251 1690 1387 1757 bonitate
1408 1691 1462 1756 de·

391 1880 458 1920 edera
474 1887 555 1920 mear
565 1881 685 1930 moratam,
697 1882 816 1921 maximos
828 1880 985 1921 multitudinem
998 1879 1127 1927 muretum,
1144 1879 1210 1920 iidem
1224 1882 1296 1922 imao.
1311 1897 1334 1909 -
1351 1879 1383 1921 it.
1395 1888 1462 1921 orau-

306 1949 415 1989 tisaima
438 1948 494 1996 Quid
502 1952 532 1989 ad
540 1951 599 1990 iuer.
612 1970 637 1984 ·-
646 1953 717 1990 aestro
727 1950 798 1999 priua

304 2102 428 2171 manniae
447 2105 532 2156 autem
554 2101 789 2157 commemorandae
812 2102 911 2156 nullum
930 2103 1032 2156 omnino
1055 2102 1097 2156 hic
1120 2100 1204 2156 locum
1227 2118 1291 2157 esse.
1328 2102 1462 2159 Concludit

304 2188 372 2241 mim
389 2186 440 2240 hac
459 2187 587 2240 sententia
603 2202 670 2251 eom,
688 2187 731 2256 qui
749 2187 781 2239 de
799 2186 945 2241 hominibus
963 2186 1118 2240 deducendis
1135 2187 1290 2253 acolacum,
1306 2189 1351 2257 qui
1367 2188 1463 2256 duplex

304 2277 354 2353 αεὶ,
377 2273 504 2344 siquidem
526 2277 553 2326 et
576 2289 656 2327 nouas
673 2274 788 2327 colonias
805 2274 928 2327 constitui
946 2275 1058 2328 iusserat
1078 2278 1106 2329 et
1128 2275 1256 2328 veteribus
1279 2275 1386 2329 coloniis
1409 2290 1463 2329 mu·

304 2359 459 2430 oicipilsque
475 2375 555 2414 novos
573 2361 677 2415 colonos
693 2361 796 2426 ascribi,
812 2360 844 2414 de
856 2362 966 2430 mcunia
978 2361 1074 2415 nullam
1091 2362 1246 2415 mentionem
1258 2363 1361 2417 iecerat.
1383 2361 1462 2431 quue

304 2446 453 2513 coargultm
468 2460 502 2498 ex
518 2445 551 2498 iis
568 2461 633 2513 quae
650 2447 676 2499 in
694 2448 759 2499 orat.
777 2445 805 2510 1,
823 2446 853 2508 6,
872 2446 905 2498 l'l
923 2449 997 2510 suut,
1016 2461 1080 2514 quae
1098 2445 1220 2511 eandem,
1242 2447 1289 2500 sed
1309 2448 1338 2501 iu
1357 2447 1462 2501 brevius

303 2533 462 2585 ωεεηεειιε
479 2532 633 2587 senbntiam
649 2532 753 2586 habent
794 2531 878 2596 Quare
896 2548 954 2585 com
972 2532 1053 2585 altera
1070 2532 1213 2586 sermatiae
1234 2548 1296 2601 pars
1319 2534 1352 2587 ab
1369 2548 1463 2602 pronc-

302 2616 372 2671 nine
389 2615 460 2668 idem
477 2616 603 2684 incipiens
621 2617 654 2669 ad
671 2617 786 2671 colonias
803 2633 883 2672 novas
901 2619 1042 2685 pertineat,
1064 2618 1175 2686 priorem
1198 2617 1232 2671 ad
1253 2633 1333 2672 novos
1358 2619 1463 2673 colonos

302 2701 433 2755 omnbus
453 2701 567 2756 adiectos
586 2703 676 2756 referri
693 2706 796 2770 oportet
813 2703 1021 2772 repetitionisque
1034 2703 1118 2772 figura
1136 2703 1212 2756 etiam
1224 2703 1265 2757 bis
1281 2704 1391 2773 repetito
1403 2720 1462 2772 pro·

300 2788 406 2841 nomine
423 2789 561 2843 mactabit
588 2789 786 2842 Emendaoimus
798 2789 877 2857 igitur
894 2789 972 2857 paulo
983 2790 1073 2843 fortius
1091 2806 1149 2843 cum
1165 2789 1244 2843 iidem
1260 2790 1347 2864 crucia
1364 2790 1462 2859 oppidu

300 2874 441 2939 (namhoc
460 2888 512 2927 uno
530 2874 657 2927 vocabulo
675 2872 789 2943 appellat
806 2872 921 2927 colonias
940 2877 967 2926 et
982 2875 1131 2943 municipia,
1149 2874 1182 2928 ci.
1193 2878 1257 2928 orat.
1266 2872 1286 2938 Ι,
1304 2875 1329 2938 7,
1346 2873 1391 2937 io)
1407 2890 1462 2926 ouc-

298 2959 374 3011 ar'nu
392 2958 574 3023 mutiuadiue,
591 2960 622 3013 id
641 2966 693 3022 est,
713 2966 792 3011 utum
808 2957 918 3011 Italiam
939 2959 994 3011 suis
1019 2958 1109 3028 opibus
1132 2958 1287 3013 obsidebunt.
1320 2958 1462 3012 Praesidio

299 3046 390 3097 autem
408 3048 435 3098 et
452 3047 567 3100 ooiouios
585 3047 639 3101 sive
657 3047 813 3101 coloniarum
831 3046 962 3114 praesidia
979 3047 1030 3110 (est
1046 3047 1114 3098 enim
1131 3045 1259 3114 quoddam
1276 3045 1302 3098 ἓν
1321 3044 1361 3098 iod
1382 3043 1462 3108 δυοῖν)

298 3129 427 3199 appellat,
444 3136 474 3185 ut
491 3131 612 3196 diximus,
631 3132 745 3186 colonias
763 3131 830 3184 circa
848 3131 966 3194 Romam,
984 3131 1012 3182 in
1029 3130 1131 3183 Albano
1149 3145 1219 3200 agro,
1231 3130 1328 3195 Setino,
1345 3130 1462 3198 reliquis-

297 3230 361 3284 que,
377 3231 443 3284 quos
459 3218 518 3282 §66
535 3222 677 3283 enumerat,
694 3217 842 3281 collocatas,
861 3217 954 3285 quibos
971 3232 1032 3285 pop.
1050 3217 1168 3271 Romana
1176 3216 1322 3270 libertatem
1340 3231 1370 3268 ac
1386 3215 1462 3268 liber·
1530 3220 1535 3243 ⁸

297 3301 363 3359 tatis
380 3316 463 3369 spem,
481 3307 612 3372 tamquam
628 3305 756 3372 spiritum,
773 3302 909 3356 intercludi
927 3303 971 3357 ait

389 3386 432 3442 76.
450 3387 520 3441 orbis
542 3397 636 3443 terroe.
678 3389 721 3443 Sic
743 3390 821 3443 habet
842 3389 955 3458 optimus
973 3389 1030 3443 cod.
1047 3387 1111 3458 Lag.
1129 3388 1145 3441 9
1162 3387 1349 3456 reiiciendaque
1365 3386 1463 3441 Baiteri

299 3472 328 3527 in
342 3472 527 3529 additamentis
539 3477 636 3543 opinio,
654 3476 794 3529 ablativum
807 3475 865 3529 orii
881 3476 1094 3529 commendantis:
1113 3490 1187 3544 quem
1205 3489 1258 3529 non
1273 3475 1301 3527 in
1317 3475 1376 3542 ipsa
1392 3474 1462 3527 abla-

300 3559 351 3612 tiri
368 3558 452 3614 forma
469 3562 588 3631 vitupero
607 3565 679 3628 (nam
695 3562 846 3616 Ciceronem
864 3563 942 3616 etiam
960 3561 1024 3625 cuii,
1041 3577 1093 3614 non
1111 3563 1210 3613 autom
1229 3558 1288 3612 orbe
1306 3559 1402 3612 dixisse
1419 3559 1463 3612 do·

298 3645 356 3699 cuit
371 3644 401 3698 0.
420 3646 449 3700 T.
467 3648 603 3717 Zumptius
622 3648 654 3700 ad
672 3647 724 3702 Cic.
742 3648 928 3712 inVerr.1V,
946 3647 989 3712 38,
1007 3646 1059 3711 82),
1077 3646 1123 3699 sed
1140 3647 1167 3698 in
1184 3661 1224 3709 eo,
1245 3644 1315 3712 quod
1330 3645 1463 3712 praeposi.

298 3730 397 3783 ficum
415 3732 507 3786 abesse
524 3735 587 3799 uolt,
606 3751 636 3788 ac
652 3749 808 3802 magnopere
826 3735 915 3789 dubito
934 3751 968 3787 an
984 3735 1011 3786 iu
1022 3733 1095 3787 Verr.
1114 3731 1157 3785 l.l.
1175 3731 1204 3783 in
1222 3729 1345 3783 orbesive
1356 3729 1385 3781 iu
1396 3728 1461 3791 orii,

298 3830 326 3885 p.
345 3815 414 3869 dom.
436 3818 479 3883 10,
497 3820 531 3874 24
549 3821 619 3872 locus
643 3820 712 3872 orbis
737 3826 880 3883 murorum,
903 3838 928 3889 p.
946 3821 1014 3874 Sest.
1032 3818 1075 3883 30,
1092 3819 1126 3871 oo
1145 3817 1216 3870 lecu
1239 3813 1307 3867 orbis
1326 3819 1411 3866 turae
1427 3813 1462 3864 le-

299 3901 414 3970 gendum
436 3904 479 3958 sit.
520 3906 686 3974 Eandemque
711 3905 824 3959 codicem
847 3907 973 3974 optimum
995 3921 1088 3975 sequor
1111 3903 1280 3973 paulopost,
1303 3902 1332 3952 ut
1354 3905 1384 3951 ct
1400 3898 1464 3965 quid

300 3987 458 4054 scripserim.
494 3991 567 4044 Facit
583 3993 652 4045 enim
668 3993 732 4045 haec
749 3993 895 4060 loquentem
914 3992 1024 4045 amicum
1049 3992 1160 4059 aliquem
1177 3988 1248 4041 Rulli
1270 3984 1302 4039 de
1319 3984 1407 4054 plebe:
1434 3990 1463 4036 ot

301 4072 370 4125 emur
382 4090 447 4142 oper
457 4073 605 4146 Compsam
623 4078 769 4131 dividetur:
786 4085 816 4130 ct
833 4077 897 4145 quid
913 4077 950 4130 od
960 4077 1024 4130 baec
1031 4094 1169 4147 possessas
1181 4076 1275 4137 dicere,
1287 4069 1463 4136 nounuusque

301 4170 366 4211 usus
385 4160 528 4226 particulae
547 4170 577 4215 ct
592 4164 665 4231 prius
683 4169 713 4214 at
730 4163 798 4215 enus
815 4162 890 4231 quasi
908 4163 1084 4230 propagantis.
1109 4161 1170 4215 Ideo
1187 4158 1313 4229 pluralem
1325 4169 1463 4226 pascuosae

300 4244 399 4313 posuit,
417 4248 492 4314 quasi
509 4247 553 4301 ille
571 4248 603 4302 de
620 4249 696 4317 plebe
713 4249 790 4304 homo
802 4263 850 4317 pro
869 4263 897 4301 se
915 4249 942 4300 et
959 4245 1065 4313 reliquis
1082 4247 1191 4314 plebeiis
1209 4246 1285 4309 dicat,
1302 4244 1360 4310 ipse
1377 4240 1464 4307 singu·

300 4329 351 4384 lari
368 4332 456 4387 dicum
472 4335 565 4403 pergit.
601 4335 676 4399 Quod
694 4336 738 4388 alii
756 4336 868 4390 editores
886 4335 1039 4403 receperunt
1056 4331 1141 4400 Atqui
1162 4332 1227 4400 quid
1243 4332 1280 4385 ad
1296 4330 1358 4382 boec
1374 4342 1464 4395 possu-

301 4433 359 4470 mus
377 4418 473 4483 diere,
491 4425 531 4474 est
548 4421 616 4474 haud
629 4421 706 4474 dubie
719 4425 809 4477 conta
826 4422 991 4485 seutentiam
1009 4433 1067 4473 esse
1079 4418 1147 4472 enim
1156 4419 1291 4485 oportebat
1307 4414 1391 4483 Atqui
1401 4410 1466 4480 quid

301 4520 354 4557 nou
372 4512 464 4558 canuc
481 4506 545 4560 iaec
572 4508 628 4561 dici
644 4514 744 4577 potest3
767 4524 827 4560 nam
845 4507 932 4577 atqui,
955 4505 1025 4575 quod
1047 4500 1233 4573 quodammodo
1256 4501 1403 4568 oppositum
1420 4497 1463 4561 sit,

303 4588 385 4644 affert.
410 4590 498 4660 Atque
516 4595 600 4647 autem
613 4593 803 4648 connectendas
820 4592 931 4646 orationi
944 4587 1124 4659 novaequerei
1134 4582 1293 4640 inducendae
1305 4583 1420 4637 inseruit
1429 4608 1464 4619 -

304 4675 341 4728 od
356 4677 555 4747 mundinas
575 4688 601 4733 et
622 4680 775 4749 dipuimtem
797 4685 929 4742 mame,
952 4676 1071 4729 nimirum
1089 4675 1104 4737 i
1122 4671 1164 4727 80.
1198 4671 1312 4810 Εέεεειε
1332 4683 1361 4721 se
1382 4669 1465 4736 qnasi,
