3550 5492
724 588 939 652 ..37-

247 750 396 831 Quirites,
418 771 525 836 paoem
540 755 700 814 externam
722 751 959 836 libertatemque
980 755 1134 838 propriam
1157 758 1277 840 generis
1299 780 1335 822 ao
1356 780 1411 824 no-

246 854 343 919 minis
365 854 471 936 vestri,
493 854 592 921 otium
609 854 823 937 domesticum,
847 855 980 939 denique
995 857 1109 940 omnia,
1132 880 1209 944 quae
1230 861 1319 926 vobis
1341 883 1412 928 cara

247 963 341 1040 atque
363 954 468 1040 ampla
489 961 582 1036 sunt,
605 955 639 1019 in
663 957 756 1020 tidem
778 963 809 1021 ct
831 959 1054 1042 quodammodo
1076 961 1109 1024 in
1126 964 1330 1046 patrocinium
1348 967 1410 1031 mei

246 1057 427 1126 consulatus
441 1060 516 1122 ‘esse
541 1057 673 1128 collata?
705 1059 811 1144 Neque
826 1059 920 1142 enim,
938 1062 1083 1145 Quirites,
1098 1063 1176 1127 illud
1190 1066 1277 1130 vobis
1299 1068 1453 1149 iucun·10

246 1164 323 1228 dum
346 1168 402 1228 aut
422 1162 571 1248 populare
594 1162 684 1227 debet
705 1163 813 1245 videri,
836 1163 959 1248 largitio
981 1167 1086 1252 aliqua
1106 1168 1309 1255 promulgata,
1332 1195 1410 1258 quae

245 1266 351 1332 verbis
374 1266 525 1332 ostentari
545 1271 656 1351 potest,
679 1287 713 1330 re
735 1287 808 1330 vera
829 1268 896 1332 fieri
924 1269 987 1333 nisi
1015 1270 1163 1336 exhausto
1185 1274 1301 1340 aerario
1323 1269 1410 1342 nullo

244 1376 339 1456 pacto.
356 1374 466 1456 potest.
500 1369 608 1454 Neque
634 1390 706 1433 vero
728 1369 783 1433 illa
810 1369 970 1454 popularia
991 1377 1066 1437 sunt
1087 1373 1303 1457 existimanda,
1327 1377 1408 1442 iudi·

244 1476 365 1541 ciornm
378 1473 634 1559 perturbationes,
657 1495 761 1537 rerum
775 1473 980 1538 iudicatarum
1002 1474 1236 1561 infirmationes,
1251 1478 1408 1545 restitutio

244 1580 472 1660 damnatorum,
495 1577 548 1661 qui
563 1576 727 1641 civitatum
742 1575 926 1640 afflictarum
940 1575 1070 1660 perditis
1091 1577 1157 1642 iam·
1169 1579 1260 1644 rebus
1276 1581 1406 1645 extremi
1452 1565 1455 1571 ’

243 1681 410 1746 exitiorum
436 1678 537 1743 solent
558 1699 626 1742 esse
641 1678 751 1742 exitus.
785 1678 892 1761 Neque
915 1678 941 1742 si
965 1680 1019 1763 qui
1042 1699 1130 1764 agros
1141 1682 1253 1766 populo
1267 1682 1405 1748 Romano

244 1781 440 1870 pollicentur,
456 1779 484 1845 si
499 1779 585 1843 aliud
600 1778 725 1864 quidem
741 1780 865 1843 obscure
880 1780 1061 1865 moliuntur,
1084 1782 1170 1848 aliud
1187 1806 1241 1870 spe
1256 1807 1291 1849 ac
1305 1786 1405 1871 speeie

329 1965 449 2004 libertatem
458 1962 581 2011 proprium.
601 1980 626 1990 -
640 1962 671 2001 lo.
686 1971 724 2000 nec
737 1963 757 2001 aa·
769 1963 811 2010 qur.
825 1981 850 1991 -
860 1963 999 2023 pollicentur,
1011 1967 1050 2004 aed
1063 1966 1125 2006 aliud
1138 1967 1245 2014 quiddam.

330 2095 371 2149 10.
390 2091 496 2160 lurqitio'
514 2091 605 2160 aliquo
612 2091 789 2160 promulpotu.
816 2090 920 2160 Cogitat
936 2108 988 2146 non
1000 2094 1083 2147 solum
1101 2095 1133 2147 de
1147 2096 1247 2162 agraria
1259 2096 1405 2165 largitione,

241 2182 345 2255 qualem
353 2181 383 2232 P.
393 2177 517 2233 Servilius
526 2178 677 2246 temptabat,
695 2192 782 2229 rerum
800 2178 877 2229 etiam
891 2178 923 2230 de
935 2179 1111 2244 frumentaria,
1130 2197 1196 2249 quae
1216 2198 1293 2250 saepe
1311 2183 1371 2235 olim
1389 2200 1405 2235 a

240 2267 353 2321 tribunis
371 2264 455 2334 plebis
479 2267 601 2331 suscepta
618 2267 686 2326 erat,
704 2280 753 2331 qua
772 2263 832 2315 dum
850 2265 1005 2319 frumentum
1023 2267 1094 2335 plebi
1112 2269 1152 2320 rel
1170 2284 1250 2335 parre
1273 2269 1314 2321 vel
1333 2270 1404 2322 nullo

240 2354 325 2423 pretio
345 2351 475 2414 dividitur,
494 2350 620 2403 1111111111
632 2350 785 2402 exhaustum
797 2353 860 2402 erat.
878 2379 912 2387 -
924 2352 1052 2409 restitutio
1071 2354 1259 2407 detunctorum.
1288 2353 1340 2406 Gur
1351 2357 1403 2408 sin·

240 2440 323 2509 gulari
335 2438 379 2491 bic
395 2437 485 2501 utitur,
502 2430 560 2488 cu'm
579 2439 655 2487 antea
666 2437 784 2503 posuerit
795 2436 922 2503 pluralem
936 2439 1145 2505 perturbatiores
1157 2444 1183 2492 et
1200 2441 1404 2506 infirrmtiouea?

239 2525 367 2579 Nimirum
384 2523 445 2590 quia
461 2522 564 2589 saepius
581 2521 677 2573 iudicia
699 2522 929 2589 perturbabantur,
955 2525 1059 2592 saepius
1080 2540 1120 2578 res
1143 2526 1272 2578 iudicatae
1289 2526 1401 2579 infirma·

238 2613 342 2674 bantur,
353 2608 468 2662 damnati
480 2614 565 2660 autem
584 2622 635 2660 non
653 2607 805 2676 singillatim
818 2609 995 2674 restituuntur,
1014 2610 1060 2663 sed
1077 2611 1223 2679 complures
1235 2613 1324 2677 simul;
1341 2613 1400 2682 lege

238 2699 307 2751 enim
325 2695 360 2748 ad
377 2710 434 2748 eam
451 2710 505 2747 rem
522 2709 587 2762 opus
605 2696 669 2757 erat,
687 2709 752 2761 quae
770 2688 828 2745 111111Ι
840 2694 871 2746 de
888 2710 939 2746 uno
957 2696 1068 2759 homine,
1087 2696 1133 2747 sed
1151 2695 1182 2748 de
1200 2699 1336 2764 generibus
1355 2700 1400 2750 ho·

238 2784 339 2836 minum
362 2781 424 2834 ierri
446 2779 520 2832 solet.
564 2777 710 2846 Cogitatum
733 2781 817 2830 autem
841 2781 902 2830 tunc
928 2795 985 2832 esse
1010 2797 1026 2832 a
1053 2779 1163 2832 tribunis
1181 2781 1266 2847 plebis
1290 2782 1321 2834 de
1339 2782 1400 2835 filiis

239 2885 343 2931 eorum,
361 2868 406 2935 qni
423 2883 439 2918 a
456 2864 529 2918 Sulla
545 2865 686 2932 proscripti
709 2867 796 2927 erant,
815 2864 847 2916 ad
867 2847 978 2916 honores
996 2865 1098 2917 curules
1122 2865 1302 2930 admittendis,
1320 2868 1352 2919 de
1369 2868 1414 2919 P.'

239 2955 322 3008 Paeto
339 2957 366 3006 11
382 2953 411 3004 Ρ.
422 2951 504 3014 Sulla,
522 2952 565 3018 qui
578 2967 645 3003 auno
664 2951 697 3003 66
715 2951 826 3002 ambitus
844 2950 959 3002 damnati
976 2952 1062 3013 erant,
1079 2950 1253 3015 restituendis,
1271 2953 1349 3004 etiam
1367 2953 1399 3005 de

237 3042 314 3095 noris
325 3039 423 3093 tabulis
432 3038 572 3091 narratDic
577 3036 717 3099 XXXVII,
724 3036 764 3089 25.
772 3035 811 3087 Cf.
817 3035 848 3086 de
857 3036 1021 3088 restitutione
1029 3035 1209 3088 damnatorum
1214 3054 1239 3104 p.
1246 3037 1310 3090 Sull.
1317 3038 1358 3090 22.
1365 3064 1398 3076 -

237 3126 349 3182 auaui
365 3126 503 3179 exitiorum
520 3151 555 3161 -
573 3125 665 3176 exitus.
701 3122 797 3174 Verum
814 3123 864 3174 hoc
881 3121 983 3174 videtur
1000 3137 1058 3174 esse
1080 3137 1127 3174 nec
1144 3122 1197 3174 ulla
1214 3124 1241 3174 in
1258 3123 1331 3176 libris
1350 3139 1397 3179 me.

236 3218 277 3269 est
293 3212 477 3280 discrepantia
518 3211 593 3274 Quod
609 3211 636 3261 in
654 3207 727 3260 Verr.
746 3207 783 3271 V,
807 3208 836 3270 6,
856 3208 888 3259 m
912 3208 949 3259 ait
967 3206 1091 3260 Perditoe
1117 3207 1236 3261 civitatee
1253 3189 1398 3280 (1111111111

237 3301 292 3352 ioue
306 3297 424 3352 omnibus
436 3294 516 3348 rebus
533 3295 578 3346 lios
596 3294 678 3346 soleat
693 3293 778 3345 cuitus
791 3292 910 3344 exitiales
928 3291 1029 3354 liotore,
1047 3299 1076 3344 ut
1093 3292 1213 3344 (Ioruuati
1229 3294 1258 3344 iu
1268 3294 1398 3362 inteprum

212 3451 215 3455 ἡ
235 3386 417 3445 restituerentur,
433 3380 516 3433 vincti
532 3380 674 3441 solvantur,
692 3379 778 3431 111111
796 3377 968 3440 reducuntur,
990 3395 1033 3431 reo
1051 3379 1184 3441 iudicatae
1206 3379 1396 3443 rescindantur,

233 3473 304 3524 idem
320 3471 371 3523 hcc
394 3469 451 3521 loco
473 3467 549 3530 dicit,
575 3482 621 3533 pro
640 3465 767 3518 adiectiuo
794 3466 935 3533 genitivum
955 3481 1070 3533 ponensv
1085 3494 1117 3503 -
1142 3467 1167 3517 oi
1189 3446 1265 3518 uliud
1286 3466 1396 3532 quidem.

235 3559 332 3611 Omnes
349 3555 406 3608 cod
426 3553 495 3621 quod
511 3553 608 3605 habent
629 3552 676 3604 sed
698 3552 723 3603 oi
741 3552 804 3604 ferri
825 3566 876 3603 non
901 3567 978 3618 posse
996 3556 1104 3620 apparet
1130 3555 1269 3618 natumque
1294 3551 1396 3617 videtur

188 3706 190 3711 Ι
234 3658 292 3696 esse
308 3658 343 3695 ex
359 3657 413 3693 una
428 3642 490 3692 nota
508 3637 644 3706 dupliciter
660 3637 798 3704 explicata:
823 3653 977 3706 quamquam
996 3638 1045 3690 fuit
1062 3641 1130 3690 certe
1152 3638 1195 3688 hic
1212 3650 1283 3687 error
1300 3635 1351 3687 iam
1367 3636 1395 3686 in
1453 3645 1455 3648 ’

234 3732 322 3782 vetere
340 3727 385 3780 illo
402 3726 503 3788 codice,
520 3740 553 3776 ex
570 3739 620 3791 quo
642 3724 724 3776 nostri
741 3723 801 3775 libri
818 3727 1029 3780 ms-manarunt.
1070 3721 1122 3774 Sed
1144 3724 1230 3773 utrum
1242 3720 1338 3771 uerius
1355 3723 1395 3771 est

233 3815 281 3868 aad
295 3830 330 3871 an
347 3813 390 3864 eii
410 3803 478 3865 ¹Hoc
496 3813 552 3864 sine
569 3811 661 3874 dubio;
680 3827 738 3862 nam
756 3826 789 3862 111
806 3811 839 3862 iis
858 3825 924 3877 quae
942 3806 1146 3876 subsequuntur,
1164 3821 1216 3857 non
1233 3799 1332 3868 omnes,
1350 3805 1395 3873 qui

232 3915 311 3968 agros
328 3914 389 3968 pop.
407 3899 523 3951 Romano
541 3897 710 3965 polliceantur
727 3897 848 3965 legesque
867 3896 981 3964 agrarias
999 3886 1098 3955 ferant,
1119 3892 1236 3944 Ciceroni
1253 3890 1394 3958 improbari

231 3986 360 4048 ridemus,
377 3983 586 4051 subiiciendaque
609 3983 688 4051 priori
711 3983 792 4035 altera
813 3982 938 4045 condicio,
962 3996 1013 4050 qna
1035 3978 1103 4047 quod
1125 3993 1205 4045 genus
1228 3979 1279 4030 sibi
1300 3979 1394 4045 impro-

230 4075 307 4126 betur
324 4069 464 4141 significet:
484 4086 560 4138 quam
578 4070 683 4122 alterius
702 4070 861 4122 condicionis
880 4067 1085 4121 subiunctionem
1096 4065 1152 4118 sine
1164 4063 1393 4132 particulaLatine

230 4159 287 4212 fien'
303 4161 415 4221 constat,
433 4156 472 4210 Gi.
489 4157 601 4225 Madvig.
620 4157 653 4208 ad
671 4155 724 4209 Cio.
736 4155 768 4208 de
779 4156 865 4219 fio.11‚
885 4155 928 4217 34,
948 4153 1005 4205 112.
1035 4150 1133 4203 Deinde
1151 4150 1253 4217 quidem
1270 4145 1393 4202 exhibent

230 4261 320 4299 omnes
338 4244 411 4311 cod3
433 4260 492 4296 nam
519 4243 608 4295 eodem
633 4243 705 4295 ducit
729 4242 864 4309 quidest,
891 4239 959 4308 quod
982 4240 1008 4291 io
1031 4237 1178 4290 melioribus
1201 4240 1253 4300 est,
1276 4251 1309 4288 111
1330 4239 1391 4288 nota

231 4331 299 4384 male
316 4329 447 4398 explicata
465 4334 557 4382 ortum.
594 4329 806 4398 Coniuugendum
824 4331 910 4380 autem
928 4326 1031 4393 quidem
1047 4340 1106 4377 cum
1123 4322 1295 4377 condicionali
1311 4323 1391 4389 parti·

230 4417 302 4482 cnla;
326 4433 385 4469 nam
409 4416 478 4485 quod
496 4416 573 4484 vulgo
597 4419 637 4467 est
654 4416 678 4465 si
695 4415 797 4481 quictem
815 4414 832 4465 i.
851 4429 873 4466 e.
892 4412 1022 4476 simodo,
1050 4427 1122 4464 wenn
1139 4409 1263 4472 nimlich,
1289 4407 1391 4460 videtur

230 4503 310 4555 etiam
327 4502 454 4556 vocabulo
466 4504 602 4556 interiecto
614 4516 690 4569 posse
703 4503 825 4568 separari.
851 4501 925 4565 Quod
937 4501 1081 4569 Naugerius
1099 4501 1125 4551 in
1138 4499 1177 4550 ed.
1196 4497 1291 4549 Aldina
1307 4511 1391 4547 emen-

231 4590 304 4642 darit
322 4589 399 4642 uliud
414 4589 546 4655 quiddam,
563 4595 589 4640 et
601 4589 633 4641 ab
646 4587 701 4640 cod.
713 4588 864 4640 auctoritate
881 4587 979 4639 recedit
995 4572 1042 4640 nec
1060 4583 1137 4656 aliod
1151 4612 1184 4620 -
1197 4581 1273 4634 11111111
1289 4580 1390 4633 adiecto

228 4677 383 4746 pronomine
401 4666 500 4729 infinite
518 4677 568 4728 dici
586 4676 704 4729 arbitror.
721 4704 755 4712 —
773 4675 858 4744 specie
875 4668 1055 4749 attentationis.
1093 4670 1155 4724 Noli
1170 4669 1220 4722 boc
1237 4680 1392 4734 supermae,
