3550 5492
723 573 936 634 ..89-

245 732 389 817 Philippi
410 732 475 797 sive
497 734 608 799 Persae
629 736 770 814 fuerunt,
785 732 852 818 'qui
875 754 894 797 a
915 732 1092 797 censoribus
1120 732 1212 798 locati
1241 735 1325 795 sunt.
1368 731 1408 795 Et

244 835 455 901 certissimum
472 836 601 919 vectigal
615 835 741 900 ascribit
754 836 828 900 item
855 835 1001 915 auctioni,
1024 834 1198 898 Corinthios
1219 853 1318 917 agros,
1340 832 1448 918 opi-51

244 958 318 1002 mos
339 941 370 1001 et
390 936 517 1019 fertiles,
539 944 571 1002 et
592 936 790 1021 Cyrenenses,
818 937 871 1020 qui
893 936 1025 1022 Apionis
1048 937 1187 1019 inerunt,
1210 941 1241 1000 et
1263 957 1350 1019 agros
1372 937 1406 1000 in

243 1040 403 1125 Hispania
424 1047 547 1126 propter
568 1042 786 1125 Carthaginem
808 1062 930 1107 novam.
965 1041 1005 1105 Et
1026 1040 1060 1103 in
1075 1040 1179 1105 Airiea
1202 1028 1305 1124 ipsam
1323 1046 1406 1104 vete-

243 1163 317 1207 rem
328 1142 545 1227 Carthaginem
561 1143 675 1221 vendit,
698 1164 793 1227 quam
814 1143 958 1209 videlicet
971 1142 1005 1205 P.
1022 1141 1185 1206 Africanus
1207 1162 1270 1207 non
1284 1148 1406 1228 propter
1496 1140 1504 1154 ‘

335 1335 372 1381 qai
384 1334 434 1375 item
446 1343 461 1372 c
474 1335 596 1374 mneritas
605 1336 671 1376 toccu
683 1338 739 1382 eunt,
751 1362 757 1374 .
814 1337 834 1376 et
848 1333 988 1374 corentinum
1001 1334 1097 1383 rectinet.
1111 1351 1136 1362 —
1148 1331 1181 1372 51.
1195 1331 1288 1373 ascribi
1301 1333 1373 1373 cidens
1381 1352 1406 1363 -

241 1408 326 1439 mm
337 1404 358 1440 et
370 1401 393 1441 ln
405 1400 497 1448 Africa
1230 1410 1236 1416 ·

241 1548 373 1616 impensis
408 1551 545 1600 exornarat
580 1548 691 1616 oppidis.
739 1547 804 1600 Turn
835 1565 903 1601 anno
934 1548 984 1602 190
1011 1565 1033 1599 a.
1061 1547 1119 1601 Chr.
1147 1551 1268 1615 ceperant
1297 1548 1406 1600 Romani

244 1632 317 1696 (liv.
334 1630 474 1696 XXXVII,
491 1632 536 1700 54)
559 1635 660 1685 etcum
684 1633 779 1701 reliqua
797 1632 861 1685 Asia
883 1634 920 1686 cis
939 1633 1051 1685 Taurum
1074 1635 1124 1686 sita
1142 1633 1257 1697 Eumeni,
1276 1634 1329 1699 regi
1347 1632 1407 1685 Per-

242 1733 366 1786 gameno,
384 1723 516 1772 cesserant
532 1720 604 1785 (ibid.
623 1719 681 1783 55),
698 1720 771 1772 cuins
794 1718 862 1772 lilius
880 1717 984 1771 Attalns
1008 1735 1065 1771 cnm
1088 1722 1141 1772 toto
1165 1735 1243 1787 regno
1266 1719 1406 1772 hereditate

240 1802 358 1872 reliquit
387 1833 420 1842 -
446 1804 566 1874 Philippi
591 1805 645 1859 sive
671 1804 776 1858 Persae.
810 1805 856 1858 Ait
881 1806 947 1868 sice,
975 1806 1036 1874 qnia
1066 1822 1130 1874 ques
1158 1822 1234 1874 agros
1259 1803 1407 1875 Philippus,

240 1889 351 1945 eosdem
368 1891 473 1955 Perses,
495 1891 563 1945 filius
587 1893 663 1955 eius,
674 1892 778 1956 habuit,
802 1895 831 1944 ut
848 1892 881 1944 ab
900 1894 1006 1960 utroque
1023 1895 1131 1959 possent
1148 1893 1281 1946 nominari.
1308 1892 1406 1946 Geniti-

240 1992 293 2029 vus
315 1975 412 2030 Pasce
435 1977 499 2030 alias
525 1977 595 2046 apud
618 1977 766 2032 Ciceronem
791 1995 843 2033 uon
865 1979 999 2046 reperitur,
1025 1979 1070 2032 sed
1093 1979 1194 2033 dativus
1218 1979 1293 2033 Taso.
1311 1980 1344 2044 V,
1362 1979 1404 2041 40,

242 2060 306 2113 118.
332 2061 398 2113 liele
416 2065 500 2114 eutem
517 2062 600 2114 adhue
617 2077 648 2115 ex
660 2062 776 2115 codicum
794 2079 922 2117 consensu
939 2063 1062 2116 edebatur
1083 2065 1130 2132 qui
1145 2065 1206 2118 item
1224 2082 1242 2117 c
1260 2064 1406 2117 carceribus

242 2146 328 2198 locati
344 2153 410 2200 sant
450 2146 506 2211 Quo
524 2148 591 2200 enim
613 2148 754 2215 pertineret
775 2148 838 2200 illud
862 2149 942 2201 item?
975 2148 1015 2201 Ad
1039 2165 1114 2218 agros
1132 2149 1283 2217 Bithyniae,
1307 2150 1405 2217 opiner,

217 2265 221 2271 -
243 2228 339 2298 quibas
357 2246 424 2282 rrrnc
443 2228 580 2298 publicani
596 2230 734 2299 fruuntur.
770 2230 823 2283 Sed
845 2249 906 2285 num
928 2250 1016 2287 omnes
1044 2250 1132 2303 agros,
1158 2235 1251 2303 quibus
1274 2234 1406 2303 publicani

242 2316 374 2380 fruuntur,
393 2318 493 2384 eportet
510 2318 543 2370 ab
560 2319 708 2372 censoribus
721 2318 817 2371 locari?
844 2319 902 2371 Non
921 2320 1028 2384 ridetur,
1045 2336 1126 2389 neque
1143 2320 1182 2373 illi
1192 2320 1327 2389 Bithyniae
1340 2322 1404 2390 agri,

245 2418 299 2471 quo
317 2405 431 2473 tempore
449 2402 536 2456 Cicero
554 2404 620 2457 hanc
637 2406 778 2457 orationem
796 2406 893 2470 habuit,
911 2407 1007 2460 Romae
1026 2424 1042 2459 a
1058 2409 1207 2462 censoribus
1224 2408 1301 2461 locati
1324 2412 1403 2461 erant.

242 2490 347 2543 Etenim
365 2492 501 2558 antequam
517 2491 594 2560 plane
612 2490 732 2560 Bithynia
750 2494 776 2546 in
799 2493 947 2561 provinciae
964 2493 1071 2545 sormam
1088 2492 1192 2545 redacta
1209 2497 1249 2545 est
1266 2494 1309 2556 (ct.
1326 2508 1404 2562 snpra

243 2576 279 2628 ad
299 2575 384 2641 Mo),
401 2577 498 2629 exarsit
515 2576 609 2629 bellum
621 2577 830 2644 Mithridaticum,
847 2579 915 2648 quod
932 2597 1008 2648 quam
1026 2580 1070 2633 diu
1087 2583 1189 2649 gestum
1206 2583 1254 2645 est,
1266 2579 1403 2649 Bithyniae

242 2658 345 2713 reditus
365 2659 460 2712 nonin
479 2660 613 2723 aerarium,
631 2661 676 2712 sed
694 2661 728 2713 ad
744 2663 939 2729 imperatorem,
961 2667 1005 2733 qui
1022 2665 1117 2718 bellum
1140 2666 1257 2733 gerebat,
1280 2682 1403 2733 pervene-

244 2747 316 2799 runt.
352 2745 435 2809 Quare
454 2745 514 2798 item
531 2745 614 2799 locum
632 2746 673 2798 hic
691 2746 789 2800 nullum
806 2747 885 2800 habet
903 2752 1021 2816 reeteque
1043 2748 1169 2800 omittitur
1185 2748 1213 2798 in
1229 2748 1277 2800 cod
1294 2749 1357 2815 Lag.
1376 2749 1401 2801 9.

331 2849 373 2903 51.
391 2848 429 2901 El
446 2849 617 2922 certissimum
634 2851 754 2918 vecti‘ycl.
786 2850 910 2903 Solebant
926 2851 988 2904 haee
1006 2852 1055 2902 tria
1073 2850 1151 2903 rerba
1168 2850 1327 2902 antecedenti
1344 2865 1401 2903 sen-

244 2934 344 2987 tcntiae
360 2933 474 3002 adiungi,
492 2933 524 2986 ad
543 2949 619 3002 quam
638 2950 694 2987 cum
712 2951 763 2988 non
781 2936 953 3000 convenirent,
965 2937 1070 3004 Ussing.
1088 2933 1238 3003 particulam
1256 2942 1282 2987 ct
1299 2935 1400 2999 delevit,

242 3020 386 3076 Gebhardt.
404 3022 505 3075 observ.
524 3023 579 3075 erit.
597 3023 624 3074 in
642 3021 694 3075 Cic.
712 3025 775 3075 orat.
799 3022 831 3074 de
848 3022 899 3090 leg.
918 3037 971 3091 agr.
990 3022 1014 3074 ΙΙ
1031 3039 1056 3090 p.
1075 3022 1090 3073 7
1110 3025 1168 3073 ante
1193 3036 1249 3073 eam
1272 3022 1401 3074 statuebat

242 3122 303 3161 esse
319 3107 444 3171 lacunam,
461 3109 489 3160 in
506 3124 557 3176 qna
574 3108 714 3161 marimum
732 3108 877 3162 excidisset.
919 3108 1031 3172 Quorum
1050 3111 1166 3161 neutrum
1190 3108 1254 3160 satis
1273 3107 1401 3162 videbitur

189 3176 207 3193 “
241 3209 301 3248 esse
317 3193 459 3261 probabile,
476 3194 594 3247 lacunam
612 3194 714 3261 qrridem
732 3195 782 3247 nisi
799 3196 951 3248 necessitate
970 3196 1051 3248 eoacti
1069 3211 1119 3247 non
1138 3196 1288 3247 statuemus.
1316 3193 1400 3257 Quare

238 3280 344 3332 inerunt
360 3280 412 3331 ism
430 3282 529 3332 veteres
545 3280 665 3344 editores,
684 3282 727 3348 qui
745 3282 808 3335 haec
831 3298 890 3335 cum
907 3283 1051 3350 insequenti
1067 3282 1194 3335 sententia
1217 3282 1401 3349 coniungerent

241 3379 290 3417 nec
307 3364 434 3432 particula
452 3364 520 3446 etxab
538 3365 611 3417 initio
629 3367 772 3418 sententiae
789 3368 875 3434 posita
893 3369 996 3422 debebit
1007 3383 1064 3422 esse
1076 3367 1217 3421 offensioni.
1244 3367 1310 3420 Nam
1322 3367 1399 3436 paulo

239 3453 303 3518 post
320 3453 361 3502 est
376 3448 415 3501 Er
425 3438 460 3501 ‘in
477 3447 574 3516 Africa
592 3477 626 3485 —
644 3449 739 3512 vendit,
757 3466 822 3518 quae
838 3467 885 3518 pro
898 3452 1020 3520 peculiari
1031 3453 1159 3505 sententia
1177 3451 1325 3520 accipienda
1342 3467 1400 3504 esse

239 3537 319 3591 decet
335 3540 398 3590 orat.
416 3538 442 3602 1,
460 3538 490 3602 2,
507 3538 533 3601 5,
550 3541 577 3590 et
593 3539 608 3602 ξ
625 3538 659 3590 49
676 3536 715 3590 Er
736 3539 801 3591 mibi
821 3568 855 3576 -
879 3539 1015 3606 ignoscite,
1034 3539 1048 3602 ξ
1066 3536 1099 3589 53
1116 3535 1154 3588 Er
1171 3537 1261 3599 credo,
1288 3537 1398 3604 saepius.

240 3623 317 3688 Quod
342 3627 426 3677 autem
449 3625 510 3677 item
526 3625 543 3676 i.
563 3639 585 3678 e.
604 3639 655 3677 nen
677 3625 774 3688 minus,
793 3627 898 3694 pariter,
916 3624 1057 3687 edidimus,
1081 3623 1180 3676 codices
1207 3622 1302 3674 habent
1324 3621 1399 3683 idern,

236 3707 381 3762 Lambinus
399 3723 431 3759 ex
448 3709 594 3762 coniectura
611 3708 693 3761 cidem
711 3710 834 3772 auctioni,
853 3710 899 3763 sed
917 3714 943 3763 et
954 3710 1060 3762 Rullum
1077 3708 1126 3760 hoc
1143 3722 1243 3775 quoque
1261 3706 1353 3759 fecisse
1370 3709 1397 3757 et

242 3809 323 3847 unam
335 3806 392 3843 esse
402 3793 543 3845 auctionem
559 3794 703 3862 apparebat
711 3809 791 3861 neque
809 3793 892 3845 dicere
902 3793 1034 3845 attinebat.
1053 3820 1086 3827 -
1097 3789 1261 3858 Cyrenenses.
1279 3787 1355 3840 Anno
1365 3788 1398 3841 96

240 3879 333 3934 a.Ghr.
346 3876 508 3931 Ptolemaeos
521 3879 587 3948 Apio
597 3880 710 3948 Cyrenas
720 3881 939 3949 populoRomano
949 3878 1089 3930 hereditate
1101 3875 1204 3941 reliquit
1214 3872 1399 3940 (Obseq.10ll);

239 3964 330 4039 atille
348 3966 402 4015 tum
419 3961 514 4016 liberas
532 3980 589 4018 esse
605 3967 683 4020 iussit
692 3965 876 4033 Cyrenensium
894 3964 1010 4016 civitates
1020 3961 1084 4024 (Liv.
1096 3975 1137 4027 ep.
1146 3958 1241 4021 LXX),
1258 3959 1307 4011 etsi
1324 3972 1399 4025 agros

239 4048 311 4118 regis
329 4050 404 4100 antea
422 4047 495 4115 quasi
512 4049 626 4115 privatos
643 4050 699 4101 sine
717 4049 794 4102 dubio
811 4048 939 4116 possedit;
957 4050 983 4099 in
1001 4046 1148 4115 provinciae
1171 4043 1273 4113 quidem
1290 4044 1400 4097 formam

238 4133 441 4194 redactusunt
459 4131 574 4200 Cyrenas
592 4149 658 4185 anno
677 4135 709 4188 lb
728 4135 799 4198 (Sall.
817 4135 910 4204 fragm.
928 4134 964 4197 ΙΙ,
982 4134 1016 4185 47
1033 4132 1073 4184 ed.
1090 4133 1155 4196 Kc).
1179 4159 1213 4168 —
1234 4148 1266 4203 pu

239 4221 304 4274 licet
320 4249 353 4257 —
367 4221 464 4288 potnit.
502 4220 644 4273 Restitutus
662 4224 701 4274 est
718 4222 760 4274 hie
777 4222 848 4274 locus
867 4238 882 4272 a
899 4220 1011 4286 Madvig.
1029 4215 1266 4287 Opuse.acad.1p.

238 4305 399 4374 quorundam
417 4305 532 4359 codicum
550 4304 771 4368 Germanicorum,
794 4306 838 4371 qui
856 4321 901 4356 nec
919 4311 949 4355 ut
965 4304 1020 4370 ipse
1039 4303 1109 4354 locus
1126 4300 1266 4363 exhibent,

238 4397 269 4443 ut
286 4389 341 4457 epac
359 4390 443 4454 loeus,
461 4390 529 4459 quod
547 4389 768 4458 Lagomarsiniani
792 4404 880 4441 omnes
903 4391 1014 4441 tuentur.
1048 4388 1150 4440 Etenim
1172 4402 1232 4439 cum
1248 4384 1266 4437 d

237 4477 288 4529 hae
305 4490 333 4527 re
350 4490 429 4544 supra
447 4480 510 4530 orat.
528 4476 554 4541 I,
572 4475 601 4538 2,
620 4474 635 4527 6
654 4473 742 4527 Cicero
760 4475 797 4526 sie
819 4473 901 4526 dicat:
929 4466 1006 4541 quone
1023 4471 1054 4525 P.
1081 4470 1217 4518 mmmm
1239 4496 1266 4507 ··

237 4561 380 4615 notandam
405 4561 659 4633 Carthaginiensium
681 4560 854 4613 calamitatem
880 4559 935 4612 aive
959 4559 996 4611 cd
1016 4566 1042 4613 te

238 4646 350 4703 ctericm
367 4646 422 4703 aive
439 4648 476 4703 ed
486 4648 597 4704 enam
614 4647 730 4718 aegeam
745 4647 896 4723 religionem
913 4645 950 4702 cd
960 4650 1038 4725 aeteri
