3550 5492
782 627 873 669 XXVII

242 768 423 844 currerunt,
457 783 512 827 nec
539 768 643 827 tamen
664 769 767 828 uetere
788 763 843 828 illo
864 763 943 827 libro
965 764 1146 841 utebantur,
1177 765 1231 848 qui
1252 764 1346 830 latuit
1366 786 1402 831 ac

241 879 395 958 postremo
416 873 522 958 periit,
551 875 605 938 sed
627 875 684 942 hoo
705 875 892 957 recentiore,
926 874 980 959 qui
1001 873 1152 939 minorem
1174 881 1204 939 et
1225 876 1350 959 legendi
1371 883 1403 943 et

241 984 436 1069 intelligendi
458 985 671 1051 difficultatem
692 986 845 1052 obiiceret.
888 986 979 1051 Unus
999 991 1122 1051 tantum
1144 987 1262 1070 extitit,
1285 978 1343 1070 qui
1362 988 1401 1052 ad

240 1095 345 1180 ipsum
366 1100 459 1181 eaput
479 1096 601 1179 rediret,
621 1097 650 1161 is
672 1097 726 1181 qui
746 1097 881 1162 codicem
902 1095 1244 1180 Lagomarsinianum9
1267 1099 1400 1184 scripsit.
1469 1153 1472 1160 .

241 1207 337 1272 Cuius
366 1208 477 1273 codicis
503 1209 725 1293 praestantiam
753 1229 851 1294 nuper
873 1209 914 1273 in
935 1207 1136 1273 Murenianae
1164 1210 1312 1275 orationis
1334 1211 1400 1275 edi·

239 1317 323 1383 tione
349 1322 381 1382 et
406 1316 602 1383 laudavimus
632 1325 664 1383 et
691 1319 789 1383 secuti
816 1339 940 1411 sumus,
973 1339 1058 1383 nune
1085 1319 1121 1382 in
1149 1319 1198 1384 his
1228 1321 1400 1388 actionibus

239 1429 368 1511 agrariis
393 1429 542 1494 virtutem
569 1416 744 1515 praedicare
766 1430 923 1494 debemus.
963 1417 1073 1515 ‘Neque
1095 1431 1180 1496 enim
1208 1452 1280 1496 eum
1301 1431 1400 1498 totum

237 1541 319 1604 tanti
340 1540 517 1623 faciendum
538 1562 605 1606 esse
627 1534 855 1606 eristimamus:
879 1541 933 1626 qui
950 1542 1009 1606 etsi
1031 1542 1183 1608 orationes
1195 1545 1402 1609 tantumTul-
1430 1595 1433 1601 .

235 1651 337 1745 lianas
364 1653 583 1734 eontinet,'ex
603 1653 699 1718 variis
721 1659 827 1717 tamen
849 1674 900 1718 eas
921 1653 1059 1718 fontibus
1086 1655 1177 1738 petiit
1204 1654 1400 1739 similemque

236 1768 331 1845 atque
361 1762 553 1855 'Erfurtensis
587 1764 680 1829 habet
711 1764 862 1848 originem
892 1785 927 1829 ae
955 1771 1109 1830 1111111111.
1153 1766 1190 1830 In
1217 1765 1267 1830 his
1295 1772 1399 1831 tamen

238 1873 432 1938 orationibus
444 1874 481 1938 de
495 1874 562 1957 lege
583 1874 704 1958 agraria
718 1897 812 1960 quam
832 1876 932 1940 bonus
954 1875 997 1940 sit
1018 1875 1072 1939 ille
1093 1875 1398 1963 Lagomarsinianus',
1471 1869 1474 1875 ¹

235 1984 320 2050 haud
352 1984 476 2049 difficile
503 1986 702 2070 cognoscitur.
746 1987 841 2051 Velut
861 1987 908 2070 11,
939 1988 996 2069 36,
1025 1989 1067 2052 99
1095 1987 1267 2053 certissima
1297 1992 1399 2055 conie-

239 2103 327 2162 ctura
347 2097 501 2163 edidimus
522 2111 556 2163 ut
569 2103 680 2184 ipsam
694 2097 749 2163 Cn.
766 2100 961 2185 Pompeium,
986 2103 1073 2163 cuiue
1089 2103 1252 2185 praesidio
1280 2106 1400 2188 aacpe'e·
1426 2107 1430 2116 ’

234 2213 312 2272 sime
341 2202 565 2294 rempublicam
590 2221 697 2274 eorrtra
724 2214 893 2274 1111111101
921 2215 1022 2274 testea
1051 2221 1079 2274 et
1100 2222 1208 2275 eontra
1234 2215 1401 2297 improbis·

233 2324 328 2384 amoc
345 2314 431 2385 ¹cives
452 2325 680 2393 1111ιὶ111111,
702 2324 829 2386 uictoria
851 2326 943 2406 atque
964 2325 1075 2385 borum
1090 2335 1252 2408 conspectu
1267 2328 1398 2407 privare

230 2434 374 2516 possetis.
419 2432 465 2496 Ibi
488 2432 600 2516 reliqui
615 2451 720 2496 omnes
742 2431 815 2496 libri
836 2454 895 2497 ms.
917 2431 997 2497 illud
1019 2432 1164 2518 quod'est
1177 2438 1275 2497 tutati
1295 2458 1400 2498 menas
1456 2479 1458 2482 -

238 2542 389 2607 omittunt
416 2550 447 2608 et
472 2564 527 2628 pro
554 2539 900 2628 victmta'scripse'runt
927 2547 1080 2608 uictorem.
1125 2544 1206 2620 Quid
1233 2545 1329 2628 igitur
1354 2547 1400 2609 11-

236 2657 341 2717 cerent
362 2653 514 2718 editores?
542 2653 700 2718 Nimirum
721 2659 886 2746 postquam
908 2654 1011 2720 varias
1034 2655 1262 2721 emendationes
1284 2657 1399 2721 frustra

235 2769 445 2848 temptarunt,
474 2766 534 2829 huo
560 2765 688 2830 tandem
716 2764 931 2846 decurrerunt,
960 2771 997 2829 ut
1017 2764 1162 2830 lacunam
1195 2777 1262 2831 es'se
1283 2767 1400 2830 intelli-

237 2882 353 2959 gerent.
397 2876 497 2951 Quam
520 2876 651 2939 sirecte
679 2874 815 2960 expleret
842 2874 907 2940 cod.
929 2874 1003 2958 Lag.
1027 2877 1063 2953 9,
1095 2876 1252 2942 videretur
1273 2878 1400 2942 fortasse

236 2987 418 3052 emendatus
445 3008 525 3068 esse,
550 3007 621 3050 cum
649 2997 779 3050 tutatum
806 2989 937 3051 uictoria
957 2986 1086 3069 habeat,
1116 2988 1197 3071 quod
1219 2988 1324 3072 ipsum
1345 3010 1400 3073 per

236 3118 271 3162 se
300 3099 443 3183 ineptum
464 3098 521 3181 sit,
549 3097 603 3163 sed
636 3097 816 3162 facillimam
854 3119 890 3162 ac
912 3097 1117 3164 certissimam
1153 3100 1399 3165 emendationem

234 3210 395 3294 admittat,
417 3230 520 3275 nonne
545 3209 688 3275 videmus
709 3208 872 3274 librarium
895 3214 1005 3274 ettam
1025 3210 1208 3296 imperitum
1229 3211 1339 3294 fuisse,
1362 3218 1399 3277 ut
1478 3203 1481 3207 ⁴

234 3343 397 3407 nunquam
417 3327 474 3388 su'o
494 3321 620 3406 ingenio
640 3320 689 3385 uti
709 3326 829 3406 posset,
860 3327 892 3386 et
913 3341 951 3386 ea
971 3322 1046 3404 fide,
1075 3326 1111 3386 ut
1132 3321 1213 3386 nihil
1240 3322 1397 3388 omitteret

234 3439 267 3499 et
281 3434 413 3519 denique
428 3454 490 3499 non
512 3433 728 3500 communibus
743 3433 900 3508 codicibus
916 3423 1044 3516 Italicis,
1067 3434 1121 3499 sed
1142 3433 1315 3519 antiquiore
1338 3434 1395 3500 ali·

233 3567 295 3630 quo
316 3552 408 3631 atque
424 3545 599 3630 ,integriore
624 3566 690 3610 esse
720 3543 831 3610 usum?
874 3544 970 3610 Cuius
994 3544 1114 3629 generis
1134 3544 1298 3627 librarius,
1325 3538 1396 3610 cum

235 3656 306 3738 ille,
335 3677 427 3741 quem
448 3663 568 3742 patrem
589 3657 680 3742 quasi
701 3657 842 3721 omnium
865 3656 1004 3722 codicum
1026 3661 1240 3750 esseoonstat,
1263 3654 1397 3741 perierit,

233 3767 370 3832 maxime
390 3763 614 3853 est‘optabilis.
659 3767 718 3844 Qui
747 3766 849 3852 qualis
877 3773 926 3832 est
954 3767 1114 3846 hocloco,
1147 3765 1220 3830 talis
1240 3787 1296 3852 per
1316 3771 1396 3832 totas

234 3878 292 3944 has
312 3873 465 3946 orationes
480 3861 729 3964 deprehenditur.
772 3879 964 3966 Imperitiem
978 3878 1063 3942 enim
1078 3875 1290 3955 demonstrant
1303 3878 1398 3949 multi.

234 4012 370 4084 errores,
404 4010 480 4075 quos
501 3996 557 4056 aut
578 4012 648 4056 cum
670 3970 797 4075 reliquis
819 3993 996 4056 communes
1011 3992 1066 4052 aut
1079 3988 1128 4054 sui
1141 3988 1278 4075 proprios
1292 3990 1394 4074 habet,
1446 3978 1450 3986 ’

235 4101 317 4166 unde
339 4103 377 4167 de
399 4102 554 4167 sententia
573 4101 703 4167 minime
719 4093 796 4167 'eum
816 4101 969 4166 laborasse
990 4119 1090 4183 neque
1112 4100 1276 4186 quicquam
1287 4101 1325 4165 de
1339 4121 1399 4167 suo·

232 4214 345 4279 inferre
373 4213 508 4300 potuisse
534 4212 706 4298 intelligas,
745 4211 940 4297 diligentiam
968 4215 1074 4276 autem
1096 4232 1130 4276 ac
1152 4212 1246 4277 fidem
1267 4212 1394 4296 plurimi

232 4324 309 4408 loci,
345 4325 458 4411 quibus
486 4344 581 4409 parvo
607 4344 698 4410 saepe
725 4320 904 4388 discrimine
933 4314 1141 4387 aut‘meliora
1169 4323 1281 4388 efficiat
1301 4323 1395 4388 verba

234 4442 289 4501 aut
311 4437 470 4522 desperata
491 4434 643 4500 restituat.
685 4433 781 4521 illius
798 4432 919 4517 generis
933 4434 1075 4519 exempla
1095 4435 1190 4499 citare
1211 4435 1323 4499 inutile
1338 4439 1393 4517 est,

233 4544 561 4614 commemorotamen
582 4539 800 4628 11111111111
821 4557 846 4618 t,
874 4550 943 4610 tum
970 4569 992 4612 a
1014 4552 1045 4612 et
1071 4571 1089 4610 r
1116 4546 1294 4631 saepissime
1322 4566 1394 4612 con·

231 4661 351 4743 fundi,
370 4660 589 4730 vocabulorum
610 4657 841 4728 terminationes
863 4657 944 4743 mate
965 4656 1128 4751 explicari,
1156 4657 1191 4722 in
1211 4657 1391 4752 pronomine
