3550 5492
788 542 1002 605 ..83-

306 704 467 782 muueris3
490 725 553 768 uon
574 702 769 767 recusabunt
802 703 884 768 Illud
906 725 978 769 vero
992 711 1144 789 quantum
1158 710 1214 787 ast,
1233 705 1378 788 Quirites,
1400 726 1472 771 cum

306 806 340 877 is
361 806 450 889 Xuir,
473 805 527 890 qui
548 803 686 889 aliquam
707 805 742 868 in
763 805 871 870 urbem
894 813 949 872 aut
970 813 1147 892 expectatus
1169 813 1205 872 ut
1218 807 1327 892 hospes
1349 813 1405 875 aut
1425 829 1473 873 re-

307 914 405 995 pente
423 914 460 973 ut
481 907 624 973 dominus
639 908 768 990 venerit,
791 908 881 973 illum
903 909 1007 995 ipsum
1021 909 1132 993 locum,
1154 928 1214 994 quo
1235 910 1365 993 uenerit,
1386 910 1475 975 illam

307 1012 414 1097 ipsam
436 1010 540 1075 sedem
562 1010 754 1096 hospitalem,
778 1011 811 1074 in
826 1032 921 1095 quam
943 1012 1001 1075 erit
1016 1012 1175 1091 deductus,
1195 1012 1353 1097 publicam
1368 1014 1475 1100 populi

308 1112 446 1179 Romani
467 1134 533 1179 esse
555 1113 655 1189 dicet?
688 1115 810 1191 Quanta
831 1115 990 1180 calamitas
1005 1115 1120 1201 populi,
1143 1116 1171 1181 si
1185 1115 1317 1182 dixerit?
1339 1124 1474 1203 quantus

309 1219 377 1305 ipsi
397 1224 554 1304 quaestus,
576 1219 604 1283 si
626 1218 765 1301 negarit?
800 1222 902 1303 Atque
917 1220 1021 1302 iidem,
1044 1224 1099 1304 qui
1121 1220 1196 1288 hacc
1211 1227 1370 1306 appetunt,
1387 1222 1476 1306 queri

309 1343 539 1406 nonnunquam
572 1322 686 1415 solent,
726 1344 831 1386 omnes
864 1327 963 1386 terras
991 1321 1047 1385 Cn.
1077 1321 1221 1407 Pompeio
1248 1328 1340 1405 atque
1372 1324 1476 1389 omnia

307 1424 415 1497 maria
435 1443 502 1489 esse
524 1424 684 1509 permissa.
729 1424 838 1488 Simile
860 1446 932 1489 vero
954 1431 1000 1490 est
1021 1425 1121 1491 multa
1140 1425 1292 1490 committi
1314 1431 1345 1490 et
1365 1427 1476 1491 condo·

309 1529 386 1593 nari
407 1528 519 1592 omnia.
537 1527 662 1600 ¹Labori
685 1533 717 1591 et
738 1529 858 1611 negotio
879 1528 1028 1612 praeponi
1049 1548 1090 1591 an
1111 1528 1243 1613 praedae
1265 1533 1296 1591 et
1314 1527 1477 1612 quaestui?

401 1669 434 1710 db·
447 1670 567 1710 condoma
579 1669 667 1708 enatat

311 1793 412 1846 rictum
424 1791 524 1861 aliaque
540 1792 687 1860 necessaria
703 1792 857 1860 praebendo,
876 1792 1047 1862 imperabitur
1063 1789 1166 1859 aliquid
1179 1794 1301 1857 auoceris,
1319 1791 1391 1847 velut
1407 1791 1477 1848 vehi-

311 1881 383 1945 cula,
399 1881 563 1944 frumentum,
581 1880 773 1942 seminarum
798 1880 951 1932 munitiones
976 1879 1076 1948 aliaque
1099 1879 1212 1932 eiusdem
1231 1881 1346 1947 generis,
1363 1883 1392 1933 ut
1409 1895 1476 1934 com-

306 1965 392 2021 mode
408 1966 487 2021 Xviri
503 1967 597 2034 ubique
615 1981 756 2019 commeare
779 1967 888 2035 possint.
916 1995 949 2003 —
977 1982 1062 2019 omnes
1088 1973 1172 2019 terrae
1191 1963 1236 2019 Cn.
1255 1965 1377 2035 Pompeio
1399 1974 1475 2035 atquc

311 2052 404 2107 ornato
420 2052 507 2105 mar-ta
525 2068 579 2105 esee
593 2052 740 2121 permissa.'
767 2053 857 2106 Sermo
874 2053 918 2105 hio
936 2058 976 2106 est
991 2053 1165 2122 optimatium,
1182 2052 1232 2121 [qui
1250 2052 1281 2105 de
1298 2053 1414 2122 Pompeii
1430 2068 1477 2122 po·

311 2138 400 2192 ¹tentia
421 2143 568 2208 queruntur.
610 2139 677 2191 Nam
700 2140 723 2190 is
745 2139 801 2207 lege
825 2138 935 2192 Gabinia
959 2156 1017 2192 cum
1039 2138 1136 2192 bellum
1162 2142 1251 2192 contra
1273 2139 1371 2207 piratas
1389 2155 1478 2209 gerere

311 2225 456 2289 iuberetur,
475 2228 608 2294 acceperat
626 2241 687 2278 sane
704 2228 787 2278 totum
806 2242 876 2278 mare
900 2228 1027 2279 internum
1045 2227 1072 2289 (i.
1090 2242 1113 2278 e.
1131 2226 1218 2278 amaia
1235 2225 1345 2292 enoria),
1363 2226 1410 2279 sed
1426 2241 1478 2279 non

313 2314 453 2380 acceperat
481 2327 570 2366 omnes
594 2316 689 2376 terras,
713 2328 800 2365 verum
822 2329 909 2366 earum
938 2329 1004 2391 quae
1033 2312 1066 2365 ad
1088 2327 1158 2365 mare
1181 2314 1267 2364 essent
1290 2312 1479 2379 provinciarum

313 2401 406 2468 partes
430 2399 580 2451 maritimas.
621 2400 706 2468 Atque
729 2401 826 2453 exierat
850 2416 917 2453 anno
936 2399 971 2452 (33
992 2400 1144 2464 triennium,
1169 2400 1196 2451 in
1223 2398 1292 2467 quod
1312 2397 1377 2451 illud
1397 2399 1479 2467 impe-

311 2484 384 2537 rium
406 2482 494 2537 datum
516 2488 584 2537 erat:
611 2489 670 2538 tunc
688 2501 720 2537 ex
744 2485 800 2554 lege
818 2487 923 2538 llauilia
947 2487 1025 2539 Asiae
1049 2485 1141 2539 minori
1163 2488 1190 2537 et
1213 2484 1304 2552 Syriae
1325 2485 1478 2552 imperabat.

315 2570 403 2635 Quare
420 2575 446 2624 et
458 2573 547 2639 augeri
564 2572 649 2625 verbis
662 2573 779 2641 Pompeii
796 2574 939 2641 potentiam
957 2576 984 2624 et
1001 2589 1047 2625 cur
1065 2575 1191 2640 augeatur
1203 2573 1317 2639 apparet
1334 2599 1369 2609 -
1386 2568 1479 2624 Simile

314 2650 380 2718 seio
402 2663 442 2709 eat
456 2672 509 2725 seq.
546 2657 711 2725 Respondere
736 2659 828 2727 incipit
853 2660 885 2712 iis
916 2660 960 2727 qui
983 2659 1014 2711 de
1036 2659 1158 2727 Pompeio
1181 2658 1365 2725 querebantur,
1391 2658 1479 2726 itaque

315 2757 424 2812 prorsus
441 2759 475 2796 ex
491 2759 561 2796 more
577 2744 714 2798 latinitatis
737 2746 817 2798 utitur
841 2745 969 2814 particula
991 2761 1060 2798 vero.
1097 2744 1149 2797 Sed
1170 2759 1231 2797 vere
1252 2743 1406 2812 respondet,
1426 2759 1479 2797 uon

315 2843 408 2883 rursus
425 2829 568 2897 interrogat
585 2829 690 2900 fallique
710 2832 837 2896 ridentur,
855 2833 899 2899 qui
917 2833 965 2884 hoc
982 2832 1065 2884 eiruile
1083 2838 1122 2885 eet
1132 2846 1179 2899 pro
1197 2846 1265 2883 nova
1281 2831 1480 2899 interrogatione

316 2914 462 2985 accipiunt:
480 2919 520 2968 est
536 2917 604 2969 enim
622 2933 680 2970 cum
698 2919 862 2972 simulatione
881 2919 998 2984 dicentis,
1016 2924 1045 2971 ut
1063 2922 1147 2971 tamen
1160 2919 1243 2971 amite
1260 2923 1299 2970 eet
1311 2916 1396 2968 valeat
1411 2915 1479 2969 idom

316 2998 389 3069 quod
405 3000 603 3055 dissimillimum
620 3006 668 3055 est.
703 3002 850 3056 Notandum
871 3007 956 3057 autem
979 3003 1144 3056 condonandi
1159 3004 1278 3067 verbum,
1301 3001 1370 3070 quod
1386 3005 1426 3055 est
1443 3001 1480 3055 ita

317 3088 404 3140 totum
421 3085 531 3150 tradere,
548 3091 576 3139 ut
593 3103 624 3140 ao
642 3088 675 3140 ad
693 3091 764 3140 tuum
782 3089 946 3143 commodum
964 3106 994 3142 ac
1011 3093 1144 3158 quaestum
1162 3090 1200 3142 uti
1216 3090 1306 3152 liceat3
1324 3089 1351 3140 in
1368 3086 1481 3140 commit·

322 3172 399 3227 tendo
417 3172 520 3242 quidem
537 3174 586 3227 hoc
605 3176 679 3239 inest,
697 3180 726 3229 ut
743 3176 868 3229 rationem
886 3177 987 3232 reddas.
1014 3177 1112 3231 Deinde
1129 3178 1211 3230 oratio
1228 3177 1322 3229 transit
1337 3175 1482 3226 ininterro-

318 3257 451 3325 gationem
475 3272 505 3308 ac
523 3258 561 3310 sic
578 3274 683 3328 pergere
701 3260 817 3313 volebat:
840 3261 938 3315 labori
955 3269 981 3315 et
996 3263 1097 3330 nepotic
1116 3261 1249 3332 praeponi
1272 3277 1308 3312 aa
1320 3259 1482 3330 praedocet

319 3343 461 3411 quaestui!
475 3372 509 3381 —
527 3363 544 3397 c
560 3347 656 3415 populo
675 3348 738 3417 elipr'
749 3366 784 3400 aa
798 3365 849 3417 per
866 3350 1037 3419 septendecim
1055 3349 1136 3402 tribus
1147 3349 1374 3412 attilaeiaterest3
1392 3360 1481 3399 verum

318 3442 381 3481 cum
397 3429 501 3482 tertium
519 3432 659 3485 membrum
677 3433 795 3500 pluribus
813 3435 905 3502 exequi
922 3436 1069 3499 statuisset,
1086 3451 1133 3503 pro
1150 3434 1285 3487 infinitivis
1307 3433 1421 3486 oratione
1438 3446 1482 3483 ex-

318 3513 458 3583 plicatiore
475 3530 538 3569 usus
556 3520 602 3570 est.
638 3517 686 3570 Est
702 3518 782 3586 igitur
799 3519 826 3572 in
844 3520 893 3573 hoc
910 3521 967 3574 loco
986 3520 1112 3588 quaedam
1129 3519 1231 3572 dicendi
1243 3516 1419 3585 inaequalitas,
1436 3513 1482 3565 sed

318 3614 352 3652 ea
370 3602 466 3665 umen,
484 3616 561 3667 quam
578 3604 605 3654 et
623 3601 689 3654 ferre
707 3602 844 3657 debeamus
864 3609 890 3657 et
902 3621 1034 3666 exemere,
1051 3620 1098 3656 nec
1109 3602 1236 3672 probandi
1253 3604 1320 3663 suut,
1336 3599 1380 3667 qui
1392 3598 1482 3649 contra

319 3682 439 3739 codicum
459 3701 612 3740 consensum
634 3687 775 3742 mutabant.
815 3689 1009 3758 Eorundemque
1038 3689 1153 3741 codicum
1182 3683 1329 3739 auctoritati
1350 3681 1481 3749 paruimus

320 3790 358 3825 aa
375 3773 571 3843 opprimendos,
589 3790 640 3828 non
658 3793 693 3827 aa
712 3775 749 3827 ud
765 3776 960 3845 opprimendos,
985 3779 1039 3827 tum
1062 3774 1224 3843 trapudeater
1239 3767 1338 3837 papale
1355 3766 1482 3829 Romano,

320 3873 375 3912 nou
394 3858 559 3929 imprudente
579 3863 677 3930 populo
696 3862 814 3916 Roarauo
839 3865 988 3916 scribentes.
1032 3861 1099 3914 Illud
1116 3859 1190 3912 iuviti
1210 3856 1330 3919 fecimus3
1355 3854 1392 3905 ita
1413 3853 1482 3905 enim

320 3945 437 4001 membra
455 3950 515 3999 sunt
534 3947 685 4014 dissociata,
704 3954 733 4002 ut
753 3949 968 4018 praepositionem
996 3947 1078 4016 repeti
1100 3944 1229 4006 malimus,
1251 3941 1402 4009 praesertim
1423 3956 1481 3993 cum

320 4046 352 4083 ea
378 4030 686 4102 antecedentiuocabulo
711 4036 833 4089 facillime
858 4036 955 4088 hauriri
978 4032 1097 4102 potuerit.
1138 4027 1239 4081 Sedet
1261 4027 1402 4095 parendum
1424 4041 1482 4080 esse

319 4118 469 4187 putavimus
491 4124 518 4173 et
542 4122 606 4175 adeo
632 4124 756 4177 incertum
781 4139 837 4176 esse
861 4124 972 4177 vidimus
999 4115 1197 4190 praepositionis
1220 4114 1262 4167 uel
1283 4113 1418 4183 ponendae
1439 4112 1482 4165 uel

319 4205 478 4260 omittendae
498 4225 585 4276 mum,
607 4215 636 4263 ut
657 4211 793 4264 decernere
815 4229 867 4265 non
890 4211 1048 4264 auderemus.
1089 4203 1124 4256 Ut
1147 4206 1232 4256 autem
1248 4201 1415 4271 ,imprudente
1433 4217 1481 4270 po-

317 4292 383 4361 pule
414 4292 533 4348 Ruoraao
554 4297 772 4367 improbaremus,
799 4299 905 4352 fecimus
930 4297 1007 4349 etiam
1042 4291 1194 4345 necessitate
1223 4289 1364 4343 sententiae
1390 4287 1480 4341 eoacti.

318 4377 361 4431 Ita
387 4380 456 4433 enim
478 4384 608 4438 nesciente
629 4402 691 4454 pop.
710 4387 826 4440 Romano
852 4386 896 4439 alii
918 4384 1004 4437 neseio
1026 4381 1067 4434 cui
1084 4379 1194 4432 Xuirum
1217 4380 1332 4446 potestas
1355 4377 1482 4429 diceretur

319 4479 379 4519 esse
412 4471 546 4537 surrepta;
579 4473 621 4524 est
657 4472 743 4522 autem
778 4472 898 4538 surrepta
931 4469 983 4537 ipsi
1019 4465 1128 4536 populo,
1167 4464 1210 4533 qui
1242 4461 1390 4532 imprudens
1424 4475 1481 4513 eam

319 4549 406 4621 legem
435 4569 487 4622 qua
516 4553 593 4608 Xrin'
618 4554 710 4609 fierent
740 4555 823 4609 iussit.
861 4553 1053 4623 ¹Impudentiam
1083 4552 1169 4603 autern
1195 4549 1222 4601 in
1250 4551 1326 4600 tanta
1352 4548 1481 4613 potestate

276 4700 281 4709 Ι
319 4634 389 4689 clam
417 4637 557 4693 auferenda
583 4641 653 4693 cerni
680 4640 737 4708 quis
763 4643 856 4708 neget?
897 4638 1012 4706 Denique
1040 4635 1109 4705 quod
1135 4634 1160 4686 si
1180 4633 1302 4772 qaissspet
1329 4631 1407 4684 borrae
1429 4628 1482 4681 edi·
