3550 5492
818 587 1031 650 ..44.‚

346 748 425 812 mini
446 748 570 829 leviter,
605 770 664 832 quo
697 748 799 814 animo
826 749 977 814 libertatis
1006 755 1125 813 vestrae
1159 748 1399 814 diminutionem
1428 752 1497 815 serre

346 853 478 939 possitis
524 851 613 914 lubet
647 851 730 915 enim
759 856 914 942 tribunum
937 854 1054 938 plebis,
1084 856 1138 936 qni
1165 877 1235 917 com
1264 855 1365 936 lepcnr
1396 857 1498 928 tulerit,

339 966 453 1022 'creare
478 957 594 1017 Xuiros
613 943 671 1037 per
694 959 790 1018 tribus
813 967 928 1040 septem
956 956 1073 1026 decem,
1095 965 1142 1027 nt,
1165 977 1254 1038 quern
1275 979 1384 1018 nouem
1409 959 1498 1021 tribus

305 1077 337 1128 17
337 1050 481 1142 jecerint
502 1057 626 1119 isXeir
645 1061 692 1121 sit.
722 1056 780 1120 llio
797 1077 918 1141 quaero,
934 1078 1026 1140 quam
1050 1058 1087 1121 ob
1109 1077 1234 1121 causam
1249 1057 1377 1122 initium
1401 1059 1499 1144 legum
1539 1048 1541 1071 ⁵

346 1182 381 1225 ac
404 1182 506 1224 rerum
529 1179 656 1223 suarum
678 1158 932 1243 hineuduxerint,
960 1167 996 1226 ut
1024 1161 1155 1247 populus
1178 1161 1336 1227 Romanus
1359 1163 1499 1250 suffragio

430 1371 632 1410 deminutionem.-
645 1369 774 1409 decemviros
788 1367 855 1408 etsie
869 1377 957 1418 semper
967 1379 1011 1420 'pro
1026 1368 1107 1409 Xriris.
1121 1390 1145 1399 -
1159 1369 1191 1409 17.
1205 1379 1278 1410 rernm
1292 1380 1318 1410 ae
1332 1372 1411 1421 lecum.

346 1568 448 1635 oportet
465 1559 651 1613 administrare.
689 1556 727 1610 Cf.
744 1557 837 1622 inira§
851 1556 885 1608 20
901 1555 975 1611 Iubet
993 1583 1026 1595 -
1044 1558 1149 1610 coniitia
1162 1557 1252 1612 Xoiris
1271 1562 1394 1614 creandis
1414 1563 1499 1617 babere

346 1670 411 1714 cunt,
430 1649 474 1716 qui
492 1647 571 1714 lepcrn
590 1643 684 1696 tulerit.
720 1642 830 1696 Comitia
852 1645 938 1696 autern
961 1646 1021 1696 suut
1042 1645 1151 1708 tributa;
1176 1662 1235 1698 nam
1259 1662 1289 1698 ea
1310 1647 1367 1701 sola
1385 1650 1499 1704 tribunos

345 1740 440 1792 habere
456 1736 525 1787 licet.
561 1730 658 1782 Deinde
677 1730 768 1798 scripsi
786 1728 882 1782 Xuiros
901 1733 962 1782 nota
981 1729 1113 1795 numerali,
1132 1747 1183 1784 non
1201 1732 1294 1784 litteris
1312 1737 1455 1801 expressis,
1472 1737 1500 1789 si·
1539 1708 1541 1777 l

346 1823 448 1893 quidem
475 1821 513 1872 sic
540 1816 651 1884 antiquis
678 1815 835 1883 temporibus
863 1816 1027 1869 consuevisse
1055 1817 1132 1869 scribi
1154 1817 1262 1886 reperio.
1306 1819 1374 1874 Illud
1402 1823 1498 1891 quidem
1539 1782 1541 1867 l

346 1909 498 1978 exemplum,
516 1922 549 1958 ex
567 1919 617 1971 quo
636 1918 732 1967 omnes,
750 1904 794 1970 qui
811 1892 911 1967 extant,
928 1903 989 1956 libri
1006 1920 1054 1958 ms.
1074 1905 1145 1958 ducti
1163 1909 1235 1970 sunt,
1252 1907 1303 1959 iam
1321 1907 1433 1973 litteris,
1454 1926 1498 1962 nou
1539 1870 1541 1965 l

346 2001 408 2050 nota
425 2009 499 2046 usum
518 2006 574 2044 esse
593 1989 668 2042 facile
686 1989 761 2042 credo
785 2004 865 2058 eoque
886 1991 982 2059 magis,
1005 1990 1073 2058 quod
1090 1991 1157 2044 inira
1174 1991 1248 2057 531,
1265 1994 1310 2046 ubi
1332 2009 1380 2047 nos
1399 1994 1499 2049 leires
1539 1982 1541 1993 ¹

345 2082 471 2136 edidimus
489 2081 558 2144 (nam
583 2077 673 2128 horum
691 2076 757 2129 ratio
775 2075 864 2129 eadem
882 2079 924 2129 est
941 2092 971 2128 ac
989 2072 1122 2142 Xrirum),
1147 2093 1235 2131 omnes
1257 2079 1360 2132 codices
1383 2082 1452 2134 mira
1467 2097 1500 2134 er·

346 2168 411 2222 roris
430 2162 575 2218 constantia
593 2162 686 2214 habere
704 2161 779 2214 video
799 2163 859 2214 totis
876 2163 949 2215 viros
972 2166 1073 2216 retenta
1089 2164 1173 2216 vocali
1190 2165 1218 2235 i,
1237 2181 1301 2233 quae
1323 2181 1355 2219 ex
1378 2168 1500 2221 numerali

305 2264 309 2272 ’
344 2270 390 2323 per
407 2253 507 2304 litteras
524 2248 620 2316 scripto
639 2251 696 2301 orta
713 2252 761 2301 est.
795 2248 880 2300 Movet
899 2265 939 2301 me
958 2249 1035 2301 etiam
1054 2250 1122 2318 quod
1143 2251 1203 2315 §18
1222 2251 1355 2304 triumviri
1372 2254 1499 2322 appellan-

345 2345 395 2403 tur,
414 2337 482 2405 quod
501 2335 631 2388 soloecum
650 2351 707 2388 esse
725 2338 802 2404 atque
820 2335 851 2387 ab
870 2335 968 2388 ratione
978 2334 1124 2388 Latinitatis
1147 2336 1283 2389 abhorrere
1306 2353 1396 2391 omnes
1415 2355 1500 2392 conce-

302 2410 305 2414 Δ
344 2427 412 2479 dent.
438 2424 502 2477 Item
518 2421 587 2475 inira
604 2422 618 2485 ξ
637 2420 670 2473 93
682 2418 815 2474 duumuiri
835 2424 1075 2485 commemorantur,
1093 2422 1137 2474 ubi
1148 2423 1200 2491 ipsi
1212 2423 1366 2476 deteriorum
1385 2425 1499 2479 codicum

343 2516 441 2564 errores
459 2507 547 2560 inille
573 2507 641 2575 quod
664 2507 852 2560 describeretur
874 2505 1009 2580 ἀρχετύπῳ
1032 2508 1070 2576 ita
1092 2507 1172 2561 fuisse
1195 2509 1294 2562 docent.
1335 2509 1404 2572 Quid
1426 2511 1501 2580 igitur

343 2598 482 2650 iaciamus?
529 2592 595 2645 Num
615 2594 794 2646 soloecismum
816 2594 883 2645 hune
901 2593 1099 2660 Latinitatisque
1122 2595 1260 2646 maximam
1285 2595 1460 2651 violationem.
1471 2597 1499 2649 ab

344 2684 466 2737 Cicerone
482 2680 622 2748 profectam
640 2695 696 2732 esse
713 2680 911 2739 arbitrabimur?
934 2679 992 2732 Non
1009 2679 1143 2744 oredimus,
1161 2681 1207 2734 sed
1224 2683 1281 2751 ipse
1299 2685 1361 2734 nota
1378 2684 1500 2749 numerali

344 2771 463 2823 utebatur
484 2769 570 2835 (atque
592 2767 630 2818 ita
652 2766 718 2819 solet
741 2781 797 2819 esse
821 2767 899 2818 etiam
922 2767 951 2818 in·
974 2766 1201 2834 inscriptionibus,
1228 2769 1255 2820 iu
1283 2769 1376 2835 quibus
1405 2771 1500 2838 aliquot

342 2854 468 2922 exempla,
485 2852 529 2905 ubi
541 2851 652 2915 duooiri,
670 2852 776 2916 nullum,
793 2853 839 2905 ubi
851 2853 983 2905 duumviri
999 2857 1025 2906 et
1038 2854 1170 2906 triorneiri
1180 2853 1306 2919 dicantur,
1324 2872 1383 2909 esse
1397 2859 1500 2921 censeo)

342 2943 398 3010 ipse
409 2941 487 3008 igitur
496 2939 584 2992 Cicero
596 2939 726 2992 scribebat
734 2939 826 2992 Hviros
836 2941 863 2992 et
870 2939 986 3004 lIIriros,
1003 2940 1114 3007 itemque
1130 2941 1324 3007 pronuntiabat,
1342 2943 1413 2996 unde
1431 2945 1498 2997 iocus

342 3027 386 3081 ille
398 3028 430 3079 de
439 3025 560 3090 Treviris
577 3040 627 3094 quo
641 3026 716 3093 epist.
726 3024 781 3090 Vll,
793 3024 837 3089 13,
850 3025 865 3077 2
884 3040 946 3078 usus
964 3027 1012 3088 est,
1026 3025 1111 3077 extit't
1121 3040 1168 3077 nee
1177 3027 1261 3078 minus
1273 3028 1360 3091 ceteri,
1379 3029 1497 3098 quamdiu

343 3113 469 3166 Latinitas
486 3112 610 3164 constitit.
643 3111 766 3172 Extincta
783 3111 885 3163 demum
903 3126 933 3162 ea
951 3126 1008 3163 cum
1026 3111 1208 3186 grammaticae
1229 3113 1295 3165 ratio
1320 3113 1498 3183 negligeretur,

344 3199 387 3266 qui
405 3197 585 3251 describebant
602 3199 701 3249 veteres
719 3196 829 3259 codices,
847 3195 958 3261 librarii,
982 3194 1042 3246 dum
1060 3198 1135 3247 notas
1153 3195 1295 3263 explicant,
1318 3199 1421 3252 litteras
1445 3215 1498 3268 per·

343 3300 431 3352 peram
449 3298 544 3351 ponere
561 3297 655 3350 eosque
674 3296 781 3344 errores,
799 3281 892 3349 quibus
911 3281 993 3333 nostri
1011 3280 1067 3333 cod.
1085 3280 1211 3348 inquinati
1229 3286 1297 3348 sunt,
1319 3285 1427 3353 gignere
1446 3300 1497 3338 eoe-

343 3371 443 3436 perunt.
479 3367 517 3421 (li.
537 3382 601 3435 quae
619 3381 700 3433 nuper
718 3364 853 3417 admodum
872 3365 900 3416 in
918 3368 1105 3433 programmate
1124 3364 1155 3417 de
1174 3365 1203 3418 T.
1213 3365 1269 3419 Livi
1287 3369 1457 3437 inscriptione
1474 3372 1497 3422 et

342 3454 430 3508 codice
457 3453 635 3522 antiquissimo
660 3451 802 3505 Veronensi
819 3466 845 3517 p.
869 3449 903 3503 36
927 3450 958 3503 de
981 3451 1089 3503 Liviana
1116 3453 1299 3506 consuetudine
1321 3455 1495 3520 exposuimus.

342 3542 412 3605 Quae
430 3556 488 3593 cum
510 3540 547 3591 ita
569 3539 635 3601 sint,
661 3539 809 3589 constanter
831 3537 858 3588 in
877 3536 976 3601 llriris,
993 3537 1092 3590 IHviris
1114 3538 1267 3606 reliquisque
1291 3539 1414 3608 deinceps
1437 3544 1496 3595 nota

342 3627 466 3679 numerali
477 3625 600 3678 utendum
613 3637 670 3674 esse
684 3621 810 3674 duximus.
840 3621 893 3674 Sed
911 3623 977 3691 quod
995 3623 1021 3675 in
1035 3624 1092 3701 hos,
1110 3626 1153 3692 qui
1165 3625 1197 3676 ab
1210 3640 1315 3677 numero
1334 3625 1496 3692 appellantur

340 3714 409 3765 viros
427 3700 554 3774 convenit,
572 3725 623 3763 non
641 3710 760 3762 convenit
777 3709 804 3762 in
823 3710 934 3779 reliquos
951 3727 1079 3777 numeros,
1097 3714 1141 3781 qui
1158 3728 1204 3780 per
1221 3728 1249 3765 se
1266 3716 1406 3781 ponuntur.
1444 3715 1492 3766 llos

340 3799 434 3852 litteris
452 3798 561 3866 scriptos
580 3796 660 3849 fuisse
678 3797 819 3864 antiquitus
838 3797 942 3849 eredere
960 3798 1081 3851 debemus
1093 3798 1233 3863 codicibus,
1251 3797 1383 3866 formaque
1401 3807 1495 3870 septen

341 3885 425 3938 decern
442 3885 568 3953 reperitur
584 3882 660 3934 etiam
679 3883 706 3934 in
723 3881 796 3936 Verr.
806 3883 839 3948 V,
855 3884 898 3948 47,
915 3883 981 3937 Phil.
999 3883 1032 3947 V,
1047 3885 1070 3948 7,
1085 3884 1124 3936 19.
1151 3884 1218 3938 Nam
1236 3888 1321 3937 utrum
1338 3885 1493 3938 coniunctim

341 3988 373 4023 arr
391 3971 538 4039 separatim,
556 3972 641 4021 utrum
660 3970 836 4038 septemdecim
854 3986 887 4021 an
906 3969 1087 4045 septemdecem
1104 3970 1231 4023 scribatur
1249 3971 1323 4038 parvi
1340 3970 1426 4026 refert.

427 4073 467 4126 17.
485 4073 569 4140 lepreon
586 4089 618 4123 oc
635 4089 729 4126 rerum.
765 4074 847 4140 Magis
865 4073 951 4141 placet
967 4074 1031 4125 haec
1048 4072 1184 4125 verborum
1207 4073 1355 4137 collocatio,
1379 4090 1456 4143 quarn
1474 4075 1494 4127 si

338 4176 380 4214 res
398 4159 497 4228 legibus
516 4161 711 4226 anteponantur.
748 4159 905 4213 Praecedere
923 4161 991 4212 enim
1009 4158 1213 4228 eportet'leges,
1231 4159 1362 4224 subsequi,
1380 4176 1448 4227 quae
1464 4176 1494 4212 ex

337 4247 371 4299 iis
393 4247 522 4313 gerantur.
549 4272 583 4282 —
605 4247 719 4314 popolus
742 4246 875 4298 Romanus
898 4275 932 4283 -
951 4246 1114 4315 privaretur.
1159 4245 1223 4298 Nam
1242 4245 1353 4313 populus
1371 4244 1447 4299 Rom.
1464 4262 1494 4298 ex

337 4331 445 4384 XXXV
464 4330 581 4384 tribubus
606 4334 720 4398 constat,
747 4350 779 4386 ex
806 4334 898 4402 quibus
926 4333 969 4400 qui
991 4332 1126 4385 nonnullas
1144 4333 1267 4385 discernit
1288 4332 1371 4398 iisque
1394 4348 1493 4386 omnem

243 4488 245 4491 Ι
338 4420 494 4484 potestatem
513 4419 679 4472 creandorum
703 4420 899 4489 magistratuum
922 4419 1018 4483 defert,
1042 4420 1167 4488 populum
1189 4418 1310 4485 suffragio
1327 4419 1421 4486 privat.
1457 4419 1493 4472 Gi.

337 4503 405 4556 infra
422 4506 436 4569 ξ
455 4504 488 4556 22
508 4504 571 4566 Quis
588 4507 712 4559 ructarent
724 4513 830 4575 portem
843 4506 939 4575 pepuli
956 4505 1091 4575 suffropiis
1105 4505 1256 4574 prelribuz't?
1273 4503 1324 4556 Gur
1341 4507 1428 4558 autem
1440 4506 1466 4558 h.
1478 4506 1493 4561 l,

340 4588 494 4658 singularem
512 4592 639 4662 suffrupio
650 4594 745 4663 posuit,
762 4594 807 4646 illo
825 4594 882 4647 loce
901 4593 1025 4661 pluralem
1043 4592 1197 4668 snffrupr'est
1221 4590 1348 4644 Nimirum
1365 4591 1418 4644 illic
1436 4593 1494 4660 ipsa

338 4691 402 4747 quae
421 4676 536 4733 feruutur
554 4679 677 4749 suffragia
693 4680 821 4745 dicuntur,
838 4680 881 4734 hie
897 4681 938 4745 ius
956 4695 1042 4740 eorum
1056 4679 1234 4743 terendorum,
1252 4678 1320 4746 quod
1338 4695 1396 4734 cum
1415 4679 1494 4735 semel
