3550 5492
810 565 1043 669 ,106-

348 768 481 853 quidem,
504 767 647 850 Quirites,
671 790 732 833 non
755 790 820 833 esse
842 769 922 833 hanc
944 765 1031 831 nobis
1047 788 1066 830 a
1080 764 1247 831 maioribus
1269 764 1419 831 relictam
1441 788 1505 832 con-

348 871 551 952 suetudinem,
574 876 610 934 ut
632 877 773 935 emantur
788 872 853 954 agri
876 893 895 935 a
916 870 1054 956 privatis,
1076 891 1137 954 quo
1153 869 1239 954 plebs
1261 870 1393 955 publice
1417 869 1505 935 dedu·

348 981 458 1053 cature
482 974 624 1054 omnibus
651 974 770 1057 legibus
802 975 884 1059 egris
918 973 1049 1059 publicis
1083 973 1219 1058 privatos
1247 994 1315 1037 esse
1344 973 1504 1039 deductos.

348 1076 558 1141 huiuscemodi
581 1098 630 1140 me
658 1076 776 1162 aliquid
798 1078 836 1142 ab
858 1079 914 1142 hoc
936 1076 1058 1141 horrido
1086 1097 1121 1140 aa
1148 1081 1234 1140 truce
1255 1077 1390 1142 tribuno
1404 1076 1503 1162 plebis

348 1181 442 1243 fateor
457 1184 646 1262 expectasse:
668 1179 833 1244 hanovere
848 1179 967 1244 emendi
985 1185 1015 1243 et
1029 1179 1182 1244 vendendi
1197 1180 1502 1262 quaestuosissimam

347 1302 382 1345 ac
403 1282 614 1365 turpissimam
636 1287 838 1347 mercaturam
862 1282 996 1347 alienam
1017 1283 1136 1348 actione
1157 1283 1340 1365 tribunicia,
1360 1283 1502 1365 'alienam

304 1389 338 1442 66
347 1383 497 1466 dignitate
519 1383 625 1468 populi
646 1384 778 1447 Romani
799 1404 920 1468 semper
941 1385 1058 1469 putavi.
1086 1384 1191 1450 'Libet
1211 1405 1299 1468 agros
1320 1387 1398 1451 erni.
1439 1388 1500 1453 Pri·

346 1507 431 1549 mum
453 1506 581 1570 quaero,
605 1506 680 1568 quos
702 1506 789 1568 agros
811 1492 842 1550 et
863 1485 975 1570 quibus
996 1486 1031 1550 in
1052 1485 1146 1551 locis?
1174 1486 1245 1551 nolo
1267 1507 1455 1573 suspensam
1474 1494 1499 1554 et

344 1590 493 1654 incertam
525 1590 646 1675 plebem
673 1590 843 1654 Romanam
877 1590 1006 1654 obscura
1034 1610 1089 1674 spe
1117 1594 1148 1654 et
1175 1609 1263 1654 caeca
1291 1592 1510 1676 expectatione·

343 1693 485 1780 pendere.
529 1693 670 1758 Albanus
693 1714 764 1776 ager
785 1699 846 1775 est,
870 1693 1010 1773 Setiuus,
1033 1691 1213 1774 Privernas,
1235 1692 1422 1777 Fundanus,
1445 1696 1498 1760 Ve

345 1794 458 1876 scinus,
482 1795 640 1876 Falernus,
663 1794 853 1876 literniuus,
876 1794 1045 1877 Cumanus,
1074 1796 1257 1861 Acerranus.
1302 1796 1418 1863 Audio.
1455 1798 1497 1865 Ab

421 1935 506 2012 plebes.
520 1982 545 1991 ·-
556 1961 625 2009 pletis
638 1963 777 2008 exspectasse.
791 1979 815 1989 -
828 1959 860 1998 66.
873 1959 934 1998 lebet
946 1968 1019 2007 neres.
1031 1978 1057 1990 -
1072 1959 1184 2007 Cumanus,
1198 1960 1313 2002 desiliens.
1346 1961 1426 2002 Audio.

343 2108 396 2162 Sed
413 2123 459 2159 eur
476 2122 527 2159 non
546 2105 648 2166 Cicero,
666 2103 734 2171 quod
752 2107 820 2156 certe
839 2104 906 2168 vult,
924 2104 1045 2159 facillime
1062 2104 1094 2156 de
1112 2120 1142 2157 ea
1163 2121 1189 2159 re
1213 2121 1241 2159 se
1259 2121 1336 2174 possa
1359 2107 1504 2176 disputare,

342 2193 504 2247 coniunctivo
522 2191 665 2259 exprimat?
685 2219 717 2227 -
736 2192 809 2258 apris
822 2191 936 2260 publicis
953 2191 969 2243 i.
989 2206 1010 2243 e.
1029 2190 1061 2242 de
1083 2191 1151 2260 agris
1172 2191 1290 2259 publicis.
1326 2192 1497 2262 Explicatieni

259 2304 261 2306 v
342 2279 409 2332 euim
426 2279 575 2342 inserviunt,
594 2292 658 2346 quae
676 2277 737 2342 §68
754 2281 825 2330 sunt:
846 2277 886 2331 Ne
904 2279 926 2331 s‘e'
942 2276 1052 2346 quidem,
1070 2278 1116 2346 qni
1133 2295 1210 2347 apros
1223 2278 1342 2348 publices
1357 2281 1497 2350 possident,

341 2364 464 2418 decedent
480 2363 510 2416 de
526 2363 694 2432 possessione,
711 2362 765 2414 ne'se'
780 2368 856 2415 erent
872 2362 978 2415 deducti
994 2362 1091 2430 opticen
1109 2363 1259 2416 condicione
1276 2371 1302 2416 et
1312 2367 1434 2433 pecunie
1449 2385 1497 2419 ene-

340 2452 421 2502 nime.
451 2448 533 2502 Vetus
550 2449 630 2516 igitur
647 2463 702 2500 mos
720 2451 782 2512 erat,
802 2450 830 2500 ut
847 2463 899 2500 non
915 2447 943 2499 in
955 2447 1055 2514 emptos
1073 2462 1156 2514 agros,
1174 2448 1264 2514 sedin
1282 2464 1336 2515 eos,
1354 2467 1388 2503 ex
1407 2453 1493 2520 quibus

340 2551 504 2606 possessores
522 2535 597 2587 eiecti
615 2534 788 2601 erant,'plebs
806 2533 979 2586 deduceretur.
999 2560 1031 2571 —
1044 2532 1135 2601 setene
1152 2541 1306 2602 expectasse.
1344 2535 1443 2590 Carent
1458 2552 1495 2589 ce-

340 2622 409 2674 dices
436 2637 482 2674 ms.
511 2623 612 2689 praeter
634 2620 696 2688 Lag.
725 2621 786 2672 bet
818 2620 936 2672 nimirum
969 2619 1094 2673 editiones
1126 2619 1209 2672 adhuc
1235 2635 1322 2674 ornnes
1354 2623 1437 2676 verbo
1455 2623 1496 2691 se·

340 2706 418 2769 tendi,
436 2720 485 2772 quo
504 2701 609 2757 absente
628 2705 699 2771 perit
721 2705 857 2777 sententia.
899 2703 934 2755 Ut
956 2705 1023 2756 enim
1047 2704 1217 2756 rectissimum
1239 2708 1295 2758 est:
1318 2721 1371 2760 non
1396 2698 1494 2778 disputo

338 2791 411 2856 illud,
430 2806 480 2843 non
498 2806 554 2843 esse
576 2791 642 2842 hanc
664 2783 788 2843 maiorum
807 2789 1030 2853 consuetudinem,
1055 2790 1092 2842 ita
1116 2780 1184 2843 certe
1208 2790 1347 2844 absurdum
1366 2798 1421 2847 est:
1447 2810 1491 2847 non

338 2880 441 2948 disputo
459 2894 499 2931 me
517 2878 567 2931 tale
591 2876 686 2944 aliquid
710 2876 742 2928 ab
766 2877 815 2929 hoc
838 2875 941 2928 tribuno
964 2877 1122 2944 expectasse.
1159 2876 1237 2939 Quasi
1254 2891 1315 2929 vero
1334 2877 1367 2930 de
1384 2880 1435 2933 hac
1451 2895 1492 2932 sua

338 2966 515 3034 expectatione
538 2964 678 3030 longiorem
702 2963 902 3030 disputationem
928 2962 1057 3029 suscipere
1074 2961 1196 3025 voluerit,
1221 2962 1252 3014 de
1270 2978 1321 3030 qua
1339 2965 1410 3031 quod
1429 2965 1492 3027 dicit,

338 3051 499 3120 parenthesis
516 3050 590 3117 quasi
607 3049 664 3102 loco
683 3049 845 3100 interiectum
862 3062 921 3100 esse
937 3047 1062 3101 videmus.
1092 3047 1166 3111 Quod
1185 3051 1270 3101 autem
1287 3049 1395 3104 Rullum
1414 3051 1490 3104 borri-

337 3138 398 3190 drnn
414 3140 440 3189 et
459 3143 555 3188 trucem
572 3133 692 3201 appellat,
710 3133 851 3200 explicavit
867 3134 925 3201 ipse
942 3148 1021 3200 supra
1038 3134 1052 3198 ξ
1069 3132 1108 3186 13.
1135 3133 1270 3201 Notandue
1287 3135 1366 3188 etiam
1385 3139 1429 3208 est
1444 3136 1488 3191 abl.

338 3230 417 3284 truce,
435 3221 523 3289 quiin
541 3219 658 3271 omnibus
677 3218 749 3271 libris
767 3232 814 3271 ms.
834 3219 972 3285 reperitur;
990 3234 1049 3271 nam
1059 3220 1184 3273 Pacuvius
1197 3219 1265 3289 apud
1283 3219 1336 3274 (lic.
1350 3220 1383 3274 de
1405 3221 1490 3284 diull,

337 3307 379 3370 64,
398 3305 448 3358 133
465 3305 544 3357 habet
562 3303 651 3355 treet·
1198 3309 1201 3312 ’
1354 3318 1357 3323 ’

423 3391 465 3444 66.
483 3389 601 3442 Albanus
623 3405 688 3456 uper
710 3396 748 3442 est
770 3392 818 3442 oet.
862 3391 913 3442 Per
934 3391 1006 3442 riam·
1020 3389 1131 3460 Appiam
1154 3390 1187 3444 ad
1207 3392 1340 3445 meridiem
1362 3392 1487 3462 profectus

338 3477 434 3547 oppida
452 3477 584 3529 enumerat
601 3474 702 3539 silbam,
721 3474 825 3540 Setiam,
839 3474 1002 3540 Priuernum,
1020 3477 1138 3541 Fundos,
1157 3476 1288 3542 Vesciam3
1307 3494 1366 3530 nam
1385 3481 1436 3533 etsi
1453 3494 1488 3532 ce-

339 3564 409 3617 dices
427 3577 516 3616 omnes
534 3561 631 3614 habent
652 3558 782 3623 Vestinus,
805 3562 865 3630 quia
883 3562 1048 3616 Vestinorum
1071 3560 1133 3632 'gens
1151 3564 1239 3632 procul
1263 3563 1295 3616 ab
1317 3565 1368 3617 hae
1390 3567 1488 3635 regione

338 3650 371 3703 ad
389 3665 459 3702 mare
477 3662 598 3716 superum
617 3648 667 3700 sita
684 3650 735 3711 est,
750 3650 835 3700 tamen
858 3646 980 3701 Vescinus
997 3649 1157 3702 scribendum
1176 3665 1231 3702 esse
1249 3649 1376 3703 intellexit
1394 3650 1489 3704 0111111.

336 3736 394 3790 Ital.
413 3737 491 3803 antiq.
509 3752 536 3804 p.
555 3727 640 3786 1082·
665 3733 730 3785 Tum
754 3733 786 3785 ad
804 3750 873 3786 mare
892 3734 1015 3788 accedens
1038 3739 1218 3789 commemorat
1241 3751 1330 3806 agrum
1348 3736 1488 3799 Falernum,

337 3824 381 3891 qui
398 3826 439 3877 est
456 3839 471 3875 a
491 3825 577 3875 monte
595 3821 705 3874 Massico
732 3836 813 3889 usque
836 3821 868 3873 ad
886 3821 1041 3875 Vulturnum
1064 3822 1182 3887 fluvium,
1199 3822 1343 3886 Liternum,
1367 3823 1446 3877 exilio
1462 3822 1488 3874 P.

336 3907 450 3962 Africani
467 3909 561 3972 nobile,
583 3907 656 3960 euius
674 3922 763 3974 agrum
784 3907 943 3961 Literninum
957 3901 1140 3977 appellandum
1164 3923 1222 3961 esse
1244 3906 1332 3961 docuit
1350 3908 1488 3962 Gebhardt

335 3996 436 4048 observ.
454 3995 511 4046 crit.
528 3994 555 4045 in
573 3992 625 4046 Cic.
644 3995 710 4046 orat.
723 3992 755 4045 de
771 3993 822 4062 leg.
841 4009 894 4062 agr.
912 3994 975 4047 isse.
992 3994 1028 4046 III
1045 4010 1071 4061 p.
1082 3993 1106 4058 7,
1125 3993 1227 4048 Cumas.
1254 3995 1339 4062 Atque
1357 3995 1422 4059 haec
1438 3995 1489 4064 qui·

336 4081 393 4134 dam
412 4083 499 4148 aperta
517 4081 584 4144 sunt,
602 4078 647 4132 sed
664 4079 708 4146 qui
726 4081 841 4146 sequitur
859 4096 932 4148 ager,
959 4081 986 4132 iu
1009 4079 1140 4133 codicibus
1162 4080 1309 4149 appellatur
1332 4071 1387 4133 fare
1405 4079 1490 4132 Ance-

336 4167 435 4228 sienns,
453 4165 498 4233 qui
515 4164 547 4217 ab
565 4165 708 4217 editoribus
725 4166 835 4235 scriptus
854 4171 894 4218 est
913 4164 1032 4230 Casinas,
1049 4181 1140 4234 parum
1163 4170 1232 4220 certe
1248 4169 1325 4220 reete.
1360 4165 1431 4220 Nam
1446 4166 1491 4219 Ga-

336 4250 420 4318 siuum
438 4251 515 4302 situm
533 4251 574 4301 est
590 4249 617 4301 in
639 4248 769 4303 montibus
787 4249 933 4317 etquidem
956 4240 1027 4303 inter
1040 4248 1143 4305 Fundos
1161 4257 1188 4303 et
1205 4251 1337 4316 Vesciam,
1361 4252 1431 4320 quod
1448 4251 1490 4321 qui

335 4335 360 4387 h.
377 4335 395 4386 1.
413 4334 571 4388 nominatum
588 4349 645 4388 esse
663 4338 744 4404 putet,
763 4334 912 4390 Ciceronem
935 4352 987 4390 non
1009 4336 1086 4390 modo
1103 4354 1118 4390 a
1136 4338 1201 4390 mari
1222 4352 1327 4407 prorsus
1352 4339 1490 4401 discedere,

335 4411 380 4475 sed
399 4423 476 4475 etiam
493 4422 568 4492 longe
586 4425 687 4491 regredi
704 4427 808 4478 statuet.
844 4425 899 4478 Nec
920 4425 1036 4494 profecto
1056 4426 1095 4479 ita
1116 4426 1217 4480 litterae
1238 4427 1266 4479 in
1290 4411 1423 4480 codicibus
1440 4427 1491 4477 tra-

335 4508 404 4560 ditae
422 4512 563 4562 serventur.
599 4499 686 4575 Quare
700 4527 757 4563 cum
775 4509 977 4583 aliiCesiltnus,
995 4510 1135 4566 Gebhardt.
1153 4513 1170 4565 l.
1188 4513 1205 4564 1.
1223 4511 1416 4581 Neapolitanus
1433 4525 1493 4563 con-

335 4593 448 4657 iecerint,
466 4597 683 4664 nos'seripsimus
694 4593 858 4658 Acarnanum
876 4611 937 4649 nam
954 4596 1065 4650 Acerrae
1083 4597 1205 4665 oppidum
1223 4601 1249 4650 et
1266 4582 1334 4651 ultra
1346 4599 1440 4652 Cumas
1452 4603 1492 4652 est

335 4693 383 4738 nec
399 4678 508 4735 1111111111
525 4697 541 4735 a
557 4682 623 4737 mari
638 4680 737 4736 recedit
752 4695 801 4736 nec
817 4680 927 4752 denique
948 4696 1042 4738 nemen
1059 4699 1075 4736 e
1092 4683 1211 4739 comeum
1233 4683 1285 4740 tide
1302 4675 1378 4739 nimie
1395 4685 1492 4740 dnae
