3550 5492
712 1595 911 1668 ORATIO

520 1757 564 1880 n
587 1806 733 1882 surim
755 1758 835 1894 oli,
859 1807 933 1881 rur.
956 1807 1105 1882 merri.
1195 1765 1198 1772 ’

869 1992 873 2000 ι

725 2003 878 2010 -κ

301 2113 524 2180 ....imberba
544 2114 708 2182 iuventute
731 2165 825 2183 .....
856 2189 859 2196 ,

321 2216 448 2281 Venibit
460 2216 556 2300 igitur
570 2219 628 2284 sub
639 2240 787 2304 praecone
801 2226 866 2284 tota
880 2220 1042 2305 Propontis
1054 2226 1146 2305 atque
1161 2219 1392 2308 Hellespontus:

236 2320 396 2385 addicetur
419 2322 519 2386 omnis
541 2342 594 2386 ora
615 2319 778 2405 Lyciorum
800 2330 892 2409 atque
915 2324 1061 2389 Cilicum:
1087 2325 1187 2409 Mysia
1209 2331 1240 2389 et
1260 2325 1394 2408 Phrygia

235 2424 336 2488 eidem
357 2424 527 2491 condicioni
548 2426 670 2510 legique
691 2416 859 2514 parebunt(
1142 2413 1144 2417 i

442 2530 602 2615 praedam,
631 2532 809 2615 manubias,
840 2517 1025 2616 sectionem,
1055 2539 1154 2599 castra
1181 2534 1313 2618 denique
1336 2533 1391 2598 On.

235 2631 375 2717 Pompeii
397 2633 521 2697 sedente
543 2635 726 2719 imperatore
748 2637 839 2701 Xuiri
861 2639 996 2703 vendent
1019 2686 1107 2704 .....

285 2816 287 2820 ¹
322 2781 482 2799 ........
505 2756 651 2818 quaeres
677 2743 780 2821 aperte
804 2740 975 2823 petebatur,
1005 2761 1041 2803 ea
1060 2761 1143 2804 nnnc
1167 2739 1282 2805 occulte
1304 2739 1412 2808 cuni-1

235 2837 313 2901 culis
331 2843 536 2932 oppugnatur.
570 2839 682 2902 Dicent
700 2840 783 2903 enim
799 2841 902 2923 Xuiri,
920 2842 953 2905 id
974 2842 1055 2925 quod
1070 2848 1101 2907 et
1126 2842 1238 2905 dicitur
1253 2864 1272 2906 a
1286 2839 1393 2905 multis

321 3016 442 3058 hinnitu
456 3016 554 3058 laedonis
568 3017 719 3062 autorum:
734 3022 752 3059 1.
766 3006 881 3062 aceruum*
894 3027 916 3061 et
930 3024 962 3062 stc
976 3033 1070 3072 semper.

668 3168 954 3214 ANNOTATIO.

322 3249 417 3315 Eorum
429 3265 493 3318 quae
506 3251 539 3303 ab
551 3250 677 3319 principio
690 3251 767 3303 huius
785 3252 910 3305 crettoms
922 3252 1061 3319 periemnt,
1080 3252 1130 3305 tria
1141 3254 1231 3304 extant
1243 3250 1394 3319 fragmenta,

234 3336 350 3404 primurn
369 3335 438 3404 apud
455 3323 553 3388 chaus.
571 3334 634 3388 lust.
652 3351 759 3404 gramm.
770 3334 791 3399 1,
802 3335 843 3399 18,
856 3335 880 3400 6,
899 3331 1006 3388 alterum
1024 3335 1092 3404 apud
1104 3335 1224 3403 Aquilam
1242 3336 1394 3400 Romanum,

235 3421 267 3472 de
286 3419 362 3489 figur.
382 3422 492 3492 sentent.
509 3422 536 3472 et
554 3419 646 3472 elocut.
663 3435 685 3472 c.
703 3419 752 3484 43,
770 3420 874 3472 tertium
892 3420 959 3488 apud
979 3419 1044 3472 Gell.
1063 3419 1135 3484 XIII,
1154 3420 1194 3473 24.
1230 3420 1343 3473 Primum
1361 3420 1395 3472 ad

235 3506 309 3558 illum
333 3506 419 3559 locum
441 3506 543 3559 ridetur
565 3507 706 3576 pertinere,
724 3522 774 3575 quo
793 3506 822 3559 P.
840 3505 911 3559 Rulli
928 3507 1025 3559 tribuni
1042 3505 1169 3575 destgnati
1186 3522 1270 3559 mores
1288 3506 1395 3575 exponit

236 3591 282 3655 (cf.
300 3595 366 3644 orat.
383 3591 416 3656 11,
434 3591 459 3656 5,
478 3591 529 3657 13),
548 3593 656 3646 alterum
675 3593 707 3645 ad
725 3609 764 3656 ea,
782 3594 891 3661 quaein
909 3596 973 3646 orat.
991 3593 1023 3657 Π,
1043 3593 1083 3656 15,
1102 3591 1135 3645 38
1154 3596 1224 3654 sunt,
1241 3593 1345 3643 tertium
1361 3591 1394 3642 ad

234 3676 421 3753 digressionem
439 3679 529 3731 eodem
541 3679 594 3732 sere
611 3679 669 3732 leco
688 3680 719 3732 de
738 3679 783 3732 Gn.
801 3675 924 3748 Pompeio
938 3679 1050 3750 additam
1061 3678 1168 3743 (attii).
1191 3677 1238 3728 Est
1255 3679 1340 3728 autem
1359 3676 1394 3728 al-

233 3766 318 3814 terum
326 3761 499 3832 fragmentum
514 3765 582 3832 apud
590 3764 710 3832 Aquilam
719 3765 863 3817 Romanum
873 3765 965 3818 ritIose
981 3758 1114 3831 scriptum.
1137 3761 1203 3814 Nam
1218 3762 1287 3830 quod
1300 3775 1347 3815 nos
1362 3777 1394 3814 ex

234 3847 333 3914 Baiteri
346 3849 494 3916 coniectura
506 3849 632 3902 edidimus
644 3850 734 3922 crucis,
752 3849 806 3902 illic
817 3854 857 3902 est
875 3849 1023 3912 communis,
1035 3846 1170 3914 tum‘quod
1180 3845 1278 3899 'Orellio
1290 3853 1393 3899 auctore

233 3933 353 4004 Ptrppiu
380 3936 462 3989 eidem
490 3937 638 3989 condicioni
660 3938 761 4006 leuique
780 3936 924 4006 parebunt,
950 3934 1004 3988 illic
1027 3933 1122 4002 legitur
1144 3931 1271 4002 Pbrppto.
1304 3929 1395 3985 Veniet

234 4017 377 4089 Propontis
395 4029 472 4090 atque
491 4020 680 4090 Hellespontus,
699 4023 767 4075 idem
779 4021 927 4074 condicioni
939 4020 1039 4088 lepique
1052 4016 1192 4087 parebunt.
1233 4017 1287 4082 Quo
1308 4019 1391 4070 minue

235 4107 411 4162 dubitavimus
430 4108 498 4178 quod
515 4110 577 4161 item
594 4111 686 4163 vitiose
703 4111 756 4163 illio
774 4110 869 4180 legitur
885 4109 974 4161 veniet
990 4108 1125 4176 corrigere.
1152 4105 1191 4159 (lt.
1205 4105 1233 4159 (1.
1246 4105 1276 4158 Τ.
1289 4104 1393 4172 Zumpt.

235 4193 269 4245 ad
287 4192 340 4247 Gic.
357 4195 385 4247 in
403 4193 476 4248 Verr.
493 4193 537 4258 ΙΠ,
555 4193 598 4258 47,
617 4194 674 4248 113.

305 4279 329 4332 l.
359 4278 541 4348 Oppupnatur.
573 4278 718 4333 Haeserunt
735 4281 763 4332 in
779 4280 828 4332 hoc
845 4279 923 4331 verbo
942 4278 1044 4346 quidam
1061 4277 1223 4347 interpretes
1241 4293 1288 4329 nec
1305 4276 1393 4328 imme·

232 4365 293 4418 rito.
328 4362 395 4415 Nam
415 4365 567 4432 oppupuu're
591 4362 701 4432 aliquam
719 4379 773 4416 rem
790 4363 881 4415 Latine
900 4365 940 4415 est
961 4377 1075 4432 pugnare
1094 4366 1183 4416 contra
1194 4363 1312 4432 'aliquam
1328 4377 1392 4429 rem,

236 4465 314 4519 quare
332 4465 386 4502 rem
404 4465 456 4503 non
473 4466 611 4519 possumus
628 4449 772 4522 intelligere
795 4451 951 4521 oppapuurj.
992 4449 1045 4503 Iam
1068 4450 1153 4518 facilis
1171 4451 1206 4503 sit
1224 4449 1346 4525 mutatio,
1370 4439 1394 4501 si

233 4534 363 4588 scribatur
378 4517 425 4604 prb
443 4552 470 4589 re
488 4537 573 4606 sepio,
597 4538 627 4589 ut
644 4539 707 4590 orat.
725 4536 824 4602 11,17‚
842 4539 876 4590 44
894 4540 934 4590 est
957 4537 1087 4606 cepionem
1105 4537 1178 4590 illum
1191 4534 1339 4606 petierunt,
1363 4548 1393 4584 ac

232 4621 365 4689 regionem
381 4624 450 4674 recte
468 4620 539 4674 dicas
558 4621 710 4690 oppugnari,
722 4622 771 4675 ie.
784 4623 908 4690 impeturn
926 4623 953 4674 iu
971 4610 1026 4675 erim
1044 4620 1108 4685 fieri,
1126 4624 1156 4674 ut
1172 4622 1198 4672 ri
1216 4619 1289 4688 quasi
1308 4616 1392 4684 capia·

600 4715 604 4736 ¹
1171 4711 1184 4760 1
