3550 5492
762 568 976 631 ..82-

253 728 287 783 4⁵
381 723 482 807 Atque
504 723 582 788 illud
604 727 829 814 circumspicite
852 729 961 794 restris
982 728 1140 794 mentibus
1170 729 1370 815 animisque.
1408 730 1450 795 la·

296 827 381 907 gatos
404 831 535 906 uestros,
562 826 702 893 homiues
724 832 905 896 auctoritate
926 832 1030 911 tenui,
1052 831 1106 915 qui
1134 851 1246 897 rerum
1274 832 1450 918 privatarum

296 945 388 990 causa
409 926 576 1010 legationes
590 930 703 997 liberas
726 935 849 1016 obeunt,
873 941 977 1000 tamen
998 940 1120 999 exterae
1141 936 1293 1001 nationes
1315 937 1398 1002 ferre
1414 937 1451 1003 rix

296 1037 433 1113 possunt.
478 1031 576 1098 Graue
599 1046 645 1101 est
667 1039 750 1102 euim
774 1060 884 1103 nomeu
909 1037 1030 1123 imperii
1052 1044 1145 1122 atque
1167 1038 1201 1102 id
1224 1041 1332 1106 etiam
1355 1041 1391 1106 in
1408 1040 1451 1105 lui

295 1153 423 1216 persona
445 1138 679 1223 pertimescitur,
702 1149 861 1227 propterea
874 1140 956 1224 quod
978 1160 1038 1204 non
1061 1158 1117 1201 suo
1131 1139 1276 1223 nomine,
1301 1162 1380 1207 eum
1398 1141 1450 1207 hinc

298 1235 409 1318 egressi
432 1244 515 1321 sunt,
538 1241 718 1309 obnituntur.
756 1244 836 1319 Quid
859 1242 1001 1323 censetis,
1023 1263 1094 1306 cum
1115 1242 1168 1305 isti
1192 1242 1293 1306 Xuiri
1315 1265 1392 1308 cum
1409 1243 1451 1307 im

294 1339 394 1423 perio,
428 1363 499 1406 eum
528 1344 676 1427 fascibus,
710 1368 779 1410 eum
810 1348 863 1411 illa
892 1347 1008 1411 delecte
1035 1347 1193 1411 finitorum
1222 1347 1400 1413 iuventute
1415 1368 1452 1433 pu

295 1441 398 1505 orbem
421 1450 570 1508 terrarum
593 1447 796 1531 vagabuntur,
814 1470 873 1532 quo
897 1450 1020 1515 tandem
1043 1450 1156 1531 arrium,
1186 1470 1252 1533 quo
1279 1456 1390 1535 metu,
1410 1468 1452 1535 qut

253 1546 429 1631 luperieulo
456 1549 583 1612 miseras
612 1550 751 1615 nationes
775 1553 913 1617 suturas?
957 1555 1013 1618 Est
1042 1555 1074 1617 iu
1105 1555 1238 1639 imperio
1268 1561 1390 1623 terror:
1415 1576 1453 1641 pa·

295 1649 421 1714 tieutur.
467 1652 521 1715 Est
550 1653 581 1716 in
612 1656 746 1720 aduentu
776 1666 934 1741 sumptus:
963 1658 1068 1720 serent
1111 1657 1331 1742 Imperabitur
1354 1654 1453 1742 aliquid

380 1790 413 1829 45.
427 1790 530 1830 mentibus
542 1802 593 1838 uuo,
607 1792 705 1839 Quirites.
726 1816 751 1826 -
771 1796 860 1845 tetracos
873 1801 964 1837 nostros.
984 1817 1003 1823 —
1025 1797 1081 1843 quod
1094 1799 1169 1842 restro,
1182 1805 1225 1833 noa
1240 1807 1290 1836 sao.
1304 1817 1333 1827 -
1350 1800 1453 1847 mutu

295 1858 372 1898 erdem.

382 1963 426 2018 45.
444 1962 530 2033 Atque
549 1966 615 2019 illuri
631 1968 828 2038 circumspicite.
855 1969 910 2022 Hoc
927 1972 967 2021 est
983 1968 1101 2033 alteram,
1118 1968 1187 2037 quod
1204 1969 1232 2021 in
1252 1970 1320 2025 orbe
1340 1974 1452 2025 terrarum

297 2053 418 2121 potestati
436 2051 546 2105 Xuirum
561 2056 686 2121 permisso
699 2055 896 2124 vituperandum
914 2057 956 2109 sit.
982 2055 1057 2107 Prius
1074 2058 1114 2106 est
1130 2053 1195 2106 illud
1206 2054 1281 2123 quod
1294 2055 1357 2121 §39
1375 2056 1451 2111 babel:

296 2137 415 2191 Primum
433 2139 499 2191 euim
518 2139 565 2193 buc
583 2158 692 2209 quaere,
715 2145 762 2211 qui
784 2144 885 2196 totidem
910 2144 981 2196 locus
1000 2160 1104 2209 usquam
1124 2141 1170 2204 sit,
1194 2158 1270 2211 quern
1293 2160 1351 2197 aon
1366 2142 1452 2213 possint

296 2221 376 2275 Xuiri
392 2224 478 2278 dicere
491 2227 621 2296 publicum
632 2247 694 2299 pop.
705 2230 819 2284 Rortiuai
835 2247 890 2285 csse
901 2230 1012 2299 scutum.
1036 2229 1124 2297 ltaque
1142 2235 1219 2297 utque
1232 2234 1277 2282 est
1294 2230 1312 2283 i.
1325 2247 1353 2301 q.
1366 2226 1450 2289 deinde,

297 2311 437 2379 transitque
456 2313 488 2365 ad
506 2318 725 2383 perturbationem
743 2320 878 2381 sociorum,
897 2334 962 2386 quae
980 2316 1080 2385 exlege
1098 2315 1209 2369 Seruilia
1226 2320 1406 2371 consecutura
1420 2314 1450 2369 ait

297 2396 349 2449 Sed
367 2398 393 2449 in
412 2399 443 2452 iis
462 2416 527 2469 quae
546 2403 665 2473 deinceps
683 2409 751 2468 sunt,
770 2406 860 2458 uitiosa
883 2404 939 2459 cod.
957 2418 1004 2458 ma.
1022 2404 1118 2456 habent
1139 2402 1233 2456 uestris
1250 2400 1386 2457 urentibus
1401 2418 1451 2455 aaa·

297 2502 353 2553 que,
372 2500 417 2537 uec
441 2487 504 2540 satis
526 2489 672 2543 emendarit
689 2491 823 2544 'l'uruebus
848 2491 962 2544 scribens
987 2490 1078 2543 ces-tris
1100 2487 1226 2540 mentibus
1242 2506 1314 2551 una,
1336 2488 1451 2551 Quirim

297 2584 356 2621 nam
375 2588 426 2623 uno
444 2572 512 2640 qued
529 2573 563 2626 ad
580 2574 629 2627 loci
648 2576 850 2627 coniunctionem
868 2575 987 2643 pertinet,
1005 2573 1066 2642 quid
1084 2573 1108 2625 h.
1127 2572 1144 2624 l.
1161 2588 1220 2625 esse
1237 2572 1336 2641 possit,
1359 2588 1411 2627 nea
1424 2572 1451 2623 ri·

297 2655 353 2709 deo.
389 2657 473 2722 Quare
498 2661 637 2730 probamus
667 2661 736 2729 quod
757 2661 874 2714 luutinus
901 2660 998 2722 editor,
1027 2664 1081 2712 tum
1104 2658 1274 2712 Lauredauus
1299 2661 1450 2714 contemnet

296 2746 389 2798 vestris
405 2747 528 2801 meatibus
546 2751 697 2817 oui'misque,
715 2751 731 2802 i.
750 2766 772 2802 e.
791 2750 862 2802 iubet
879 2764 923 2803 eos
942 2765 975 2801 ex
991 2750 1037 2811 iis,
1061 2764 1126 2816 quae
1145 2748 1209 2800 alias
1228 2746 1360 2801 accidisse
1377 2744 1450 2799 meni

297 2834 393 2901 norint,
420 2838 447 2887 et
466 2850 498 2887 ex
516 2849 563 2888 suo
581 2850 657 2887 sensu
676 2835 814 2897 conticere,
836 2849 901 2902 quae
924 2834 1055 2886 nationum
1072 2832 1175 2885 miseria
1192 2831 1280 2884 futura
1299 2832 1346 2885 sie
1382 2830 1449 2897 Glp

298 2922 361 2978 Sull.
381 2926 426 2989 25,
445 2920 480 2977 70
499 2920 695 2991 Circumspicr'te
712 2923 850 2991 paulisper
868 2920 992 2974 trientibus
1011 2921 1115 2984 cestris,
1141 2919 1209 2973 inira
1226 2919 1289 2985 §64
1308 2917 1342 2971 td
1356 2914 1449 2987 potum

298 3028 354 3062 cum
373 3012 467 3064 animis
485 3012 578 3064 cestris
601 3011 723 3078 cogitare.
751 3038 784 3048 -
807 3008 917 3078 Lepatos
936 3016 1039 3061 cestros.
1075 3007 1119 3060 sic
1136 3022 1194 3060 esse
1210 3008 1330 3073 opertet,
1349 3018 1402 3057 neu
1417 3017 1449 3055 ae

298 3102 373 3159 amos,
391 3095 460 3163 quod
478 3095 616 3147 deteriores
634 3094 736 3162 quidam
749 3093 804 3146 cod.
818 3094 925 3157 habent;
944 3093 1019 3145 debet
1036 3093 1104 3144 enim
1122 3092 1166 3144 uui
1183 3089 1280 3160 populo
1298 3090 1402 3161 legatos
1417 3088 1449 3143 uc

299 3181 385 3234 buere.
422 3181 459 3235 cf.
478 3199 556 3250 supra
575 3181 643 3245 §aa
674 3181 742 3234 Dicit
754 3186 838 3233 autem
856 3182 923 3233 hucne
941 3197 1036 3234 morem
1055 3179 1152 3244 Cicero,
1170 3178 1239 3247 quod
1255 3175 1451 3247 cancamum·

299 3267 426 3333 privatum
445 3265 549 3333 aliquod
568 3266 698 3333 negotium
716 3267 742 3318 in
761 3266 900 3333 prouinciis
918 3266 1055 3331 habebant,
1072 3265 1227 3333 legationem
1239 3262 1272 3317 ab
1285 3268 1383 3319 senatu
1399 3261 1451 3317 aad·

301 3366 361 3418 pere
379 3351 503 3416 solebant,
522 3368 587 3420 quae
605 3352 708 3421 legatio,
726 3355 785 3422 quia
804 3353 901 3422 publici
919 3353 1032 3405 muueris
1050 3351 1228 3421 procuratione
1245 3349 1363 3415 carebat,
1383 3348 1451 3403 libere

301 3436 492 3506 appellabatur:
517 3442 570 3489 tum
595 3454 645 3491 nou
668 3438 742 3492 modo
761 3455 867 3508 corpora
886 3455 982 3501 eorum,
1001 3442 1089 3505 utpote
1105 3437 1262 3506 legatorum,
1280 3440 1377 3491 sancta
1392 3436 1453 3489 etad

300 3528 326 3576 et
344 3524 475 3588 inuiolata,
493 3524 538 3578 sed
556 3527 633 3578 etiam
652 3532 769 3595 sumptus
787 3526 965 3595 proficiscendi
983 3526 1080 3589 utullus3
1101 3541 1161 3577 uam
1177 3522 1248 3586 muli,
1265 3522 1403 3589 vehicula,
1418 3538 1453 3575 ua·

300 3625 353 3674 res,
373 3608 519 3663 deuersoria
537 3610 639 3678 publice
657 3611 690 3663 ab
713 3612 857 3664 ciuitatibus
876 3611 1071 3680 praebebantur.
1112 3608 1186 3672 Quod
1203 3622 1285 3676 matrs
1302 3608 1453 3679 legationum

301 3712 359 3750 cum
376 3696 493 3751 hocloco
512 3712 590 3765 graue
600 3712 629 3750 ae
641 3698 684 3749 uir
697 3697 829 3750 ferendum
841 3698 935 3751 exteris
947 3697 1095 3750 nationibus
1107 3694 1229 3764 appellat,
1246 3698 1302 3749 tum
1320 3695 1354 3748 de
1363 3692 1453 3765 leg.lll‚

301 3781 326 3846 8,
347 3782 378 3835 18
396 3783 558 3835 uehementer
575 3783 711 3850 vituperat,
730 3798 810 3852 eaque
828 3783 859 3835 de
878 3798 955 3835 eausa
973 3782 1062 3835 eodem
1076 3796 1152 3844 auno,
1169 3795 1220 3849 quo
1237 3778 1307 3834 haue
1319 3782 1454 3837 orauonen

301 3868 399 3933 habuit,
416 3870 442 3921 in
461 3870 597 3923 consulatu
615 3885 661 3923 suo
679 3871 714 3922 ita
733 3871 946 3939 circumscripsit,
968 3874 997 3923 ut
1017 3870 1076 3938 plus
1094 3884 1170 3937 quam
1188 3883 1288 3921 annuas
1311 3883 1373 3923 esse
1395 3868 1454 3937 lega·

302 3956 384 4008 tiones
402 3955 496 4009 liberas
514 3959 620 4009 uetaret
658 3955 715 4008 illia
734 3958 760 4008 iu
777 3973 808 4011 eo
827 3972 920 4025 genere
938 3956 1047 4009 dictator
1065 3954 1167 4017 Caesar,
1185 3969 1243 4007 cum
1260 3952 1294 4006 de
1312 3953 1454 4023 repetundis

301 4042 384 4110 legem
402 4042 490 4106 ferret,
507 4044 624 4095 mutavit.
660 4043 711 4096 Sed
729 4045 808 4107 iniis,
826 4059 891 4111 quae
909 4047 1049 4112 sequuntur
1066 4049 1143 4110 atquc
1154 4041 1185 4093 id
1200 4041 1278 4095 ctiam
1296 4041 1327 4093 in
1343 4040 1455 4111 tempu·

302 4147 365 4182 sono
380 4129 581 4199 pertimescitur,
599 4131 712 4202 intellige
731 4131 878 4200 imperiuum
897 4146 955 4183 natu
973 4131 997 4183 si
1020 4146 1108 4183 tierricu
1129 4128 1293 4197 cogitaretur,
1314 4142 1369 4181 neu
1389 4126 1456 4181 adde·

302 4219 372 4269 retur
389 4230 540 4284 pronomen.
567 4216 632 4270 Tum
650 4234 738 4271 omnes
757 4220 857 4285 praeter
874 4216 938 4287 Lag.
956 4218 972 4270 a
990 4217 1092 4271 codices
1109 4216 1226 4270 scribunt
1238 4210 1457 4285 proptereaqcoi

302 4308 395 4364 uestro,
413 4318 464 4353 aori
482 4318 527 4354 suo
545 4304 645 4357 notitiae
658 4333 691 4341 -
703 4303 844 4355 ubutuutur
861 4318 908 4357 uec
926 4303 1026 4357 ridetur
1042 4318 1100 4356 esse
1112 4301 1226 4365 dubium,
1244 4300 1308 4368 quin
1325 4301 1365 4354 ita
1381 4298 1457 4371 pectit

302 4386 363 4455 legi.
403 4386 514 4441 Necesse
537 4407 593 4445 esse
616 4407 667 4444 non
691 4390 902 4444 existimavimus.
937 4389 1019 4443 Aluti
1040 4394 1124 4443 autem
1146 4391 1187 4441 est
1204 4387 1229 4439 b.
1247 4386 1264 4439 l.
1282 4390 1313 4440 ut
1336 4402 1416 4457 saepe
1432 4396 1456 4437 at

302 4475 414 4543 proprie,
431 4476 525 4530 utendo
543 4493 700 4541 consumere,
718 4476 824 4545 largiter
841 4480 887 4531 uti.
1488 4530 1490 4545 ,

388 4563 431 4617 46.
449 4562 500 4617 Est
518 4565 544 4616 ia
563 4565 670 4634 imperio
689 4572 786 4627 terror,
809 4566 928 4618 nimirum
945 4565 1048 4619 lictores
1068 4569 1095 4617 et
1111 4563 1208 4628 fasces,
1225 4562 1270 4631 qui
1287 4560 1328 4627 ei,
1349 4561 1396 4631 qui
1412 4574 1455 4615 aea
1488 4552 1490 4625 i

303 4647 414 4717 obediat,
431 4650 585 4723 supplicium
608 4652 748 4719 minentur,
774 4653 799 4705 in
822 4651 934 4705 aduentu
952 4659 1081 4723 sumptus,
1103 4650 1206 4705 domum
1222 4648 1455 4705 aduenientibtmet
