3550 5492
761 552 1046 645 -150-Ι

242 764 293 819 100
386 751 469 813 Haec
491 768 546 832 ege
568 768 622 813 vos
644 746 821 832 concupisse
842 764 898 829 pro
912 747 1016 807 vestra
1039 740 1176 806 stultitia
1195 748 1289 825 atque
1310 741 1447 824 intempe-

300 854 403 922 rantia
430 873 493 918 non
520 851 630 917 miror:
658 871 802 945 sperassg
819 870 870 915 me
899 847 1023 914 consule
1050 847 1173 932 assequi
1200 867 1293 934 posse
1319 836 1448 913 demiru.

300 957 381 1021 Nam
414 977 485 1021 cum
518 954 658 1020 omnium
690 951 854 1018 consulum
886 950 992 1036 gravis
1019 950 1054 1015 in
1080 949 1239 1034 republica
1260 948 1450 1015 custodienda

228 1077 237 1104 ‘
300 1079 375 1124 cura
396 1080 432 1124 ac
455 1057 616 1142 diligentia
645 1055 735 1122 debet
756 1076 839 1139 esse,
867 1061 937 1121 tum
958 1075 1064 1121 eorum
1085 1054 1236 1135 maxime,
1267 1053 1322 1139 qui
1344 1073 1405 1118 non
1422 1053 1450 1116 in

301 1161 474 1242 cunabulis,
501 1159 612 1224 sedin
633 1179 741 1245 cumpo
768 1163 843 1224 sunt
864 1158 1007 1224 consules
1029 1157 1114 1222 iacti.
1157 1154 1382 1242 Nulli-populo
1400 1155 1451 1220 Ro

299 1285 393 1330 mano
413 1284 469 1348 pro
490 1284 540 1327 me
562 1263 693 1327 maiores
716 1262 777 1327 mei
800 1260 1046 1348 spoponderunt:
1078 1258 1158 1324 mihi
1178 1257 1332 1324 creditum
1354 1262 1414 1322 est:
1437 1279 1452 1323 a

299 1371 484 1452 nepetam,
507 1364 588 1450 quod
610 1363 718 1447 debeo,
748 1385 797 1428 me
824 1363 930 1449 ipsum
955 1363 1109 1449 appellere
1133 1360 1262 1427 debetis.
1307 1359 1451 1438 Quemad-

299 1467 436 1552 modum,
459 1488 531 1533 cnm
551 1468 704 1554 petebam,
726 1466 806 1532 nulli
828 1488 878 1532 me
900 1467 987 1533 vobis
1008 1472 1147 1533 auctores
1162 1465 1284 1550 generis
1305 1456 1451 1531 commen·

301 1574 424 1656 darunt,
446 1573 501 1656 sic,
528 1571 631 1657 siquid
653 1571 823 1656 deliquero,
855 1570 959 1637 nullae
982 1577 1057 1636 sunt
1078 1569 1240 1653 imagines,
1269 1589 1352 1654 qnae
1371 1589 1452 1635 mea

177 1676 388 1747 (XXVIIvobis
409 1676 619 1762 deprecentur.
640 1673 758 1752 'Quare
772 1675 862 1740 modo
884 1681 920 1740 ut
941 1674 1008 1739 vita
1025 1678 1178 1760 suppetat,
1201 1693 1297 1757 quam
1312 1693 1369 1757 ego
1390 1693 1451 1737 cnm

302 1778 351 1844 his
373 1779 412 1843 ab
439 1777 571 1844 istorum
598 1797 725 1862 pergam
753 1775 866 1842 scelere
893 1776 1081 1863 insidiisque
1111 1775 1288 1858 defendere,
1314 1775 1452 1862 'polliceor

387 1969 433 2010 100.
447 1969 531 2019 qenais
545 1967 587 2008 mei
601 1938 782 2007 ermenteriarum.
800 1986 825 1995 -
838 1968 901 2006 modo
914 1965 964 2006 cita.
981 1986 1006 1997 -
1026 1975 1089 2015 quam
1102 1975 1140 2016 eqo
1153 1965 1241 2006 summis
1255 1989 1307 2006 ....
1326 1965 1355 2005 ab
1373 1964 1452 2017 burm

303 2039 389 2080 scelere.

304 2207 336 2245 ne
353 2192 382 2245 in
398 2191 491 2245 senatu
509 2189 611 2258 quidem
629 2191 659 2242 ut
675 2188 703 2241 id
720 2188 818 2241 iaciant
835 2189 893 2257 cogi
911 2205 988 2257 pesse
1007 2190 1086 2243 addit
1120 2189 1191 2242 Haec
1207 2188 1287 2258 igitur
1295 2187 1352 2241 Nic.
1362 2177 1454 2256 logon

304 2275 452 2331 coniectura
468 2274 639 2344 improbanda
650 2277 698 2339 est,
716 2273 762 2326 sed
779 2273 825 2326 illa
842 2274 975 2342 probanda
989 2277 1077 2347 ntique
1094 2274 1213 2340 Ernesbi,
1231 2273 1298 2342 qued
1314 2279 1402 2344 posset
1415 2286 1454 2341 po

305 2362 370 2427 suit3
388 2362 479 2416 vitiosa
497 2363 565 2416 onim
583 2354 826 2428 codices'praebent
839 2361 932 2430 possit.

389 2448 446 2502 100.
463 2464 516 2500 non
532 2446 562 2498 in
584 2444 734 2508 cunabulis,
753 2446 799 2498 sed
819 2446 849 2498 in
867 2463 958 2517 campo
975 2449 992 2502 i.
1011 2464 1033 2501 e.
1051 2464 1103 2501 non
1121 2460 1153 2501 ea
1169 2462 1226 2500 sum
1248 2447 1351 2514 generis
1373 2444 1455 2500 nobili·

302 2539 370 2601 tate,
394 2538 423 2588 nt
439 2535 503 2588 mibi
519 2535 579 2587 iam'
589 2533 682 2586 infanti
701 2533 843 2587 destinatus
864 2535 901 2587 sit
918 2533 1065 2588 consulatus
1082 2549 1135 2586 nee·
1147 2533 1307 2587 comitiorum
1334 2531 1456 2602 sunonis

301 2637 366 2691 opus
383 2622 431 2686 sit,
457 2621 502 2674 sed
524 2621 613 2675 labere
635 2635 693 2674 meo
710 2621 799 2690 peperi
823 2621 986 2675 consulatum
1009 2637 1039 2674 ae
1060 2636 1120 2675 rere
1148 2622 1176 2673 in
1199 2619 1413 2688 compellantis,
1431 2617 1457 2669 in

302 2722 352 2776 que
370 2707 475 2761 comitia
491 2707 634 2759 centuriata
650 2695 786 2771 habentur,
804 2706 888 2760 iactus
906 2722 971 2761 sum.
1006 2707 1121 2761 Eandem
1139 2710 1224 2760 autem
1241 2722 1322 2778 rem„
1333 2708 1364 2758 ut
1383 2702 1416 2756 de
1432 2718 1457 2756 ee

300 2791 359 2860 ipso
377 2791 453 2857 dcet,
471 2791 606 2861 exequitur
622 2790 700 2844 etiam
716 2791 745 2843 in
761 2791 859 2859 primae
877 2793 1000 2846 orationis
1011 2795 1174 2862 peroratione
1190 2791 1257 2859 §aa
1275 2819 1308 2829 -
1328 2790 1458 2860 appellus

300 2877 319 2932 i.
337 2893 359 2931 e.
378 2877 493 2933 debitum
509 2892 657 2946 reposcere3
676 2877 835 2946 appellamus
854 2877 922 2928 enim
940 2891 993 2942 cos,
1011 2892 1074 2945 quos
1093 2877 1162 2946 quod
1173 2876 1291 2939 debeant,
1308 2889 1362 2927 non
1379 2873 1459 2927 iacere

301 2967 432 3031 putamus,
450 2966 480 3016 ut
497 2964 601 3032 proprie
619 2963 650 3016 de
668 2962 836 3027 debitoribus,
854 2963 898 3031 qui
916 2962 948 3014 de
965 2963 1075 3030 pecunia
1092 2962 1190 3015 credita
1205 2963 1408 3023 commonentur,
1424 2959 1459 3011 di·

302 3053 383 3105 catur.
418 3049 566 3117 Eodemque
583 3049 714 3117 pertinent
730 3048 807 3117 paulo
830 3049 892 3115 pest
913 3052 1034 3099 cuatuor
1055 3047 1171 3116 qnaeris:
1192 3049 1253 3100 sunt
1269 3045 1289 3098 ii
1306 3042 1459 3098 sine·dubio

300 3136 418 3200 maiores,
436 3136 528 3203 quibus
546 3137 633 3187 tamen
650 3134 718 3203 qued
735 3149 783 3202 pro
801 3133 912 3202 posteris
931 3133 1005 3200 quasi
1021 3135 1139 3197 carentf
1151 3135 1282 3185 anemium
1299 3129 1399 3197 {nomen
1415 3130 1460 3182 im

301 3220 413 3287 ponitur.
448 3217 487 3272 Gi.
505 3219 539 3272 ad
557 3218 610 3272 cie.
627 3236 654 3288 p.
672 3220 736 3272 liar.
754 3219 778 3283 2,
797 3218 822 3271 3.
858 3216 1005 3270 Delevimus
1024 3220 1108 3272 autem
1126 3231 1275 3287 prenomen.
1293 3216 1363 3286 quod
1379 3217 1407 3270 in
1424 3230 1461 3270 re

301 3304 379 3373 liquis
401 3290 504 3372 praeter
526 3304 589 3373 Lag.
607 3305 623 3357 9
642 3304 698 3358 eod.
721 3305 760 3358 sie
786 3303 889 3356 additur
911 3310 1030 3357 cuetnes
1051 3303 1154 3373 pencris
1176 3304 1252 3357 urei.-
1276 3301 1396 3356 Ceterum
1417 3300 1461 3374 illa

301 3404 367 3459 quae
384 3392 445 3444 sunt
461 3389 486 3441 si
502 3390 566 3456 quid
582 3389 712 3458 deliquero
736 3417 770 3428 —
787 3386 963 3458 {merentur
984 3391 1012 3443 in
1030 3390 1184 3459 deprecandi
1205 3390 1283 3443 verbo
1305 3387 1459 3459 explicando

301 3474 364 3529 citat
375 3473 439 3528 (icil.
449 3473 494 3541 vl,
507 3475 548 3539 16,
561 3476 585 3530 7.
604 3501 638 3513 -
652 3474 739 3538 Quare
750 3476 824 3530 inodo
841 3483 872 3528 ut
887 3476 944 3529 cito
955 3483 1076 3546 suppetat
1087 3491 1140 3546 seq.
1168 3475 1252 3530 Locus
1264 3475 1307 3529 bic
1324 3477 1460 3544 corruptus

272 3597 279 3609 ·
301 3566 343 3616 est
357 3563 385 3617 in
403 3563 521 3616 omnibus
539 3562 680 3628 sedleibus,
698 3562 725 3616 in
742 3562 872 3632 plerisque
883 3562 986 3631 quidem
1003 3562 1081 3615 etiam
1092 3561 1238 3626 lacunosae,
1256 3576 1331 3630 quern
1348 3561 1459 3616 editores

301 3647 400 3716 priores
418 3663 476 3702 cum
493 3646 664 3713 resumerent,
682 3646 714 3700 de
732 3662 779 3701 sno
796 3648 900 3716 ingenio
918 3648 1052 3718 quaedam,
1069 3662 1134 3715 quae
1151 3647 1179 3701 in
1195 3636 1269 3701 libris
1285 3652 1333 3701 nis.
1352 3662 1405 3701 non
1422 3661 1461 3700 re·

301 3733 453 3801 perimatur,
460 3734 554 3787 addere
564 3734 1155 3802 cogebantur:exnnnnonousnnlouiusin
1163 3732 1460 3801 editliibipsiaeliidi)

300 3820 390 3873 recisis
412 3821 572 3889 superiorum
595 3821 777 3887 additamentis
800 3821 951 3891 modicaque
972 3822 1115 3875 mutatione
1137 3818 1252 3873 adbibita
1268 3819 1371 3886 (scribit
1390 3819 1460 3873 enim

301 3920 379 3974 quom
390 3922 436 3975 eqo
453 3906 478 3959 si
484 3923 591 3975 possum
607 3906 640 3959 ub
657 3907 764 3960 istorum
776 3908 870 3960 scelere
887 3906 1040 3973 insidiisque
1058 3903 1203 3972 defendas)
1220 3917 1273 3956 non
1287 3902 1460 3972 spernendam

301 3988 385 4043 effecit
402 3990 566 4054 sententiam,
582 3990 702 4044 Baiterus
719 3990 837 4044 lacunam
855 4006 913 4044 esse
930 3990 1063 4045 intellexit.
1098 3989 1172 4044 Nune
1189 3990 1310 4061 subvenit
1326 3991 1460 4057 praestan-

295 4075 394 4142 ¹tissimi
411 4075 506 4128 ccdids
524 4076 540 4128 9
558 4078 707 4142 aucteritas,
725 4078 769 4146 qui
787 4093 843 4130 eum
861 4078 888 4129 in
907 4078 964 4130 aliis
982 4078 1059 4131 rebus
1078 4091 1137 4131 non·
1152 4077 1186 4132 sit
1202 4075 1362 4130 emendatior
1383 4090 1460 4144 quarn

301 4160 392 4230 reliqui
409 4160 470 4214 libri
486 4176 542 4225 ms,
561 4162 683 4229 quosdam
701 4163 779 4216 etiam
797 4178 895 4218 errores
912 4163 1032 4232 proprios
1049 4163 1151 4228 habeat,
1172 4179 1202 4218 eo
1219 4164 1252 4216 ab
1270 4160 1390 4216 omnibus
1405 4161 1459 4214 dia·

184 4258 188 4268 ·
303 4248 398 4311 crepat,
416 4245 485 4312 quod
503 4244 663 4312 vocabulum,
680 4247 749 4314 qued
765 4254 921 4316 magnopere
937 4247 1155 4316 desiderabamus,
1173 4249 1252 4304 addit.
1287 4247 1374 4301 Habet
1389 4247 1459 4301 enim

301 4327 352 4380 sie:
370 4342 447 4395 quem
464 4343 509 4395 eqo
527 4330 632 4382 suminis
649 4329 681 4383 ab
703 4332 810 4384 istorum
824 4333 952 4401 periculis
968 4335 1063 4388 scanne
1086 4335 1239 4406 insidiisque
1261 4333 1411 4402 defendere,
1430 4333 1459 4386 in

301 4401 393 4484 quibus
411 4411 475 4465 illud
492 4415 561 4481 qued
577 4421 618 4470 est
640 4419 780 4487 periculis,
802 4418 933 4474 ferri'non
950 4434 1027 4489 pesse
1045 4416 1165 4491 apparet,
1191 4422 1237 4476 sed
1258 4421 1338 4473 latere
1361 4419 1411 4473 snb
1428 4432 1459 4471 eo

300 4497 437 4551 ridebatur
453 4499 568 4565 verbum,
586 4504 784 4574 scripsimusque
798 4521 917 4575 psrqcsu,
934 4506 1004 4574 quod
1021 4524 1078 4561 eum
1090 4524 1180 4576 parum
1192 4506 1326 4576 perspicue
1343 4505 1371 4558 in
1388 4503 1459 4572 pn‘n·

301 4583 359 4651 cipe
376 4581 463 4636 codice
481 4584 603 4654 scriptum
618 4591 689 4644 esset
705 4593 732 4642 et
749 4593 809 4643 ante
826 4590 891 4644 alies
910 4591 1036 4648 ablativos
1053 4593 1180 4661 legeretur
1203 4596 1230 4645 ei
1249 4592 1281 4645 ad
1298 4590 1364 4644 illud
1381 4590 1459 4644 reior-

301 4670 371 4724 retur
388 4667 457 4740 quod
472 4672 622 4739 paniosate
634 4676 738 4730 summis
750 4676 934 4756 suplicabotcr,
948 4678 1024 4735 facilc
1032 4679 1162 4750 corrumpi
1171 4671 1457 4756 potuisse'videbamus.
