3550 5492
711 429 924 494 -99-

234 588 437 655 adiudicarit:
471 589 500 653 ei
527 596 632 655 tamen
660 597 768 676 postea
796 612 850 676 per
878 591 911 656 Ο.
935 591 1055 654 Cottam
1083 591 1243 656 consulem
1270 598 1396 658 cautum

234 713 305 757 essc
319 693 449 757 foedere.
494 694 560 758 Hoc
582 694 656 779 quia
677 716 731 759 vos
753 694 860 759 foedus
883 715 945 759 non
968 693 1131 775 iusseritis,
1153 700 1276 758 veretur
1288 695 1397 760 Hiem-

234 795 317 880 psal,
328 801 365 859 ut
387 796 463 860 satis
486 798 612 861 firmum
633 797 674 862 sit
696 804 727 861 ot
748 804 860 863 ratum.
905 795 1006 874 Quid?
1036 798 1210 863 cuiusmodi
1231 804 1278 863 est
1298 798 1396 864 illud?

233 898 371 963 Tollitur
392 905 532 964 vestrum
553 887 719 965 indicium}
745 901 851 965 foedus
873 903 975 963 totum
996 899 1158 985 excipitur,
1174 903 1395 986 comprobatur.

235 1001 327 1079 Quod
347 1000 464 1066 minuit
485 1003 659 1067 auctionem
670 1004 839 1084 Xuiralem,
862 1000 969 1064 laudo:
992 1001 1074 1082 quod
1094 1003 1159 1085 regi
1181 1003 1278 1068 amico
1300 1010 1397 1084 cavet,

231 1123 297 1167 non
320 1102 524 1187 reprehendo:
553 1102 634 1187 quod
656 1123 718 1166 non
741 1104 835 1186 gratis
857 1104 903 1185 fit,
926 1103 1037 1168 indico.
1081 1104 1199 1169 Volitat
1219 1106 1303 1171 enim
1325 1111 1439 1173 ante59

232 1205 339 1270 oculos
354 1206 484 1270 istorum
499 1205 575 1269 Iuba
587 1204 667 1288 regis
686 1204 780 1285 illiue,
804 1205 979 1270 adolescens
996 1225 1057 1282 non
1079 1205 1183 1270 minus
1205 1207 1282 1271 bene
1304 1230 1396 1273 num-

230 1315 341 1373 matus
364 1329 458 1393 quam
481 1309 558 1373 bene
580 1307 753 1393 capillatus,
1032 1306 1046 1324 ‘

324 1448 383 1512 Vix
405 1448 470 1512 iarn
491 1447 614 1512 videtur
635 1448 721 1512 locus
743 1467 809 1512 esse
830 1447 884 1532 qui
907 1452 1009 1513 tantos
1032 1467 1155 1513 acervos
1175 1447 1323 1532 pecuniae
1345 1471 1396 1514 ca-

235 1740 287 1795 que
306 1724 421 1778 eiusdem
440 1723 485 1779 Gn.
497 1723 615 1795 Pompeii
632 1724 787 1778 auctoritate
804 1724 924 1777 existimo
940 1723 1032 1777 foedus
1049 1722 1114 1776 illud
1132 1721 1188 1777 ao.
1198 1723 1303 1778 Aurelio
1313 1723 1397 1791 Cotta,

234 1825 291 1864 cos.
311 1811 371 1863 anni
390 1811 432 1876 75,
449 1812 564 1863 iunctum
582 1826 653 1875 esse,
675 1826 725 1880 quo
749 1810 804 1879 regi
826 1811 882 1880 agri
904 1809 1007 1878 quidam
1025 1809 1173 1879 provinciae
1199 1810 1315 1876 Africae,
1332 1827 1396 1880 quos

237 1895 401 1965 possidebat,
420 1895 562 1950 confirmati
579 1901 653 1949 sunt:
671 1896 740 1967 quod
757 1896 847 1949 foedus
864 1912 898 1948 ne
916 1912 932 1948 a
947 1888 1008 1965 pop.
1020 1896 1136 1949 Romano
1154 1896 1292 1962 iuberetur,
1308 1914 1397 1952 rursus

235 1981 391 2051 impeditum
408 1998 466 2036 esse
482 1983 514 2035 ab
531 1982 641 2035 inimicis
658 1983 782 2051 Pompeii.
817 1981 872 2036 Nec
888 1982 941 2051 ipsi
957 1981 996 2034 illi
1014 1982 1083 2049 agri,
1102 1982 1133 2033 de
1152 1982 1244 2050 quibus
1262 1983 1397 2037 contende-

237 2066 324 2133 batur,
343 2069 431 2136 quales
448 2068 544 2122 fuerint
564 2071 674 2131 constat,
701 2068 747 2120 sed
766 2068 892 2122 credimus
911 2068 986 2121 facile
1003 2068 1186 2136 interpretibus
1209 2084 1266 2122 esse
1290 2084 1347 2135 eos,
1366 2069 1397 2123 do

236 2154 333 2224 quibus
352 2155 413 2208 olim
431 2157 557 2208 certatum
578 2155 612 2207 sit
629 2155 697 2206 inter
714 2149 877 2207 Masinissam
900 2157 926 2207 et
943 2154 1057 2208 Poenos:
1084 2153 1169 2206 deleta
1190 2159 1275 2207 autem
1293 2155 1398 2209 Cartha-

236 2241 298 2310 gine
309 2238 340 2295 Ρ.
350 2240 438 2309 Scipio
456 2240 505 2293 etsi
523 2256 601 2293 causa
621 2242 725 2309 cognita
737 2242 860 2295 iudicarit
877 2241 958 2294 fuisse
970 2240 1112 2294 Poenorum
1128 2240 1236 2309 ideoque
1254 2241 1287 2294 ad
1304 2257 1398 2295 noram

236 2328 399 2396 provinciam
416 2326 532 2380 Africam
551 2326 736 2396 adiungendus,
753 2329 856 2396 reliquit
872 2329 900 2380 in
917 2328 1081 2397 possessione
1098 2327 1270 2397 Masinissae,
1281 2329 1324 2396 qui
1341 2343 1397 2382 suc·

237 2414 384 2468 cessombus
410 2414 465 2467 suis
492 2413 606 2466 tradidit.
645 2415 798 2482 Recepimus
822 2417 907 2467 autem
928 2413 1047 2466 Lambini
1069 2413 1240 2466 coniecturam
1265 2413 1291 2465 ei
1313 2420 1398 2467 tamea

236 2500 306 2563 <nam
325 2498 383 2553 cod.
400 2498 496 2551 habent
514 2504 539 2551 et
556 2499 650 2562 tornea)
667 2499 717 2550 ic.
735 2499 790 2567 regi
807 2499 958 2566 Hiempsali,
976 2497 1108 2562 utorat.l‚
1125 2499 1142 2550 4
1159 2501 1200 2550 est
1217 2497 1242 2549 si
1250 2497 1399 2568 Hiempsali

235 2582 302 2636 mis
319 2590 359 2637 est
375 2591 480 2637 cnutum
491 2583 608 2652 foedere.
626 2611 660 2620 -
680 2583 767 2645 Quid?
782 2585 928 2637 cuiusmodi
944 2591 983 2637 est
998 2585 1083 2636 illud?
1107 2583 1260 2637 Narratione
1278 2585 1310 2637 de
1328 2586 1397 2655 agris

234 2666 393 2737 Hiempsalis
416 2668 535 2721 absoluta
559 2667 785 2737 amplificationem
806 2669 936 2738 quandam
960 2666 1038 2721 addit.
1079 2666 1149 2730 Quid
1170 2670 1305 2722 transitum
1322 2672 1397 2739 quasi

234 2758 324 2825 parat3
343 2755 489 2808 cuiusmodi
505 2763 544 2808 est
559 2756 644 2808 illud?
677 2755 791 2824 intellige
815 2756 891 2824 quale
908 2755 985 2819 illud,
1007 2754 1075 2822 quod
1092 2754 1185 2808 Rullus
1201 2755 1259 2820 fert,
1276 2771 1333 2809 esse
1350 2773 1397 2825 pn·

234 2842 316 2895 tatis?
352 2842 510 2912 Quamquam
529 2846 625 2911 quanta
641 2843 690 2896 hoc
707 2843 764 2896 loco
783 2843 945 2897 cavillatione
964 2842 1052 2896 Cicero
1070 2845 1166 2907 utatur,
1189 2856 1241 2894 non
1260 2842 1397 2896 obscurum

236 2930 285 2981 est.
323 2925 455 2991 Quomodo
474 2930 541 2981 enim
559 2929 658 2982 tollitur
674 2929 796 2983 iudicium
814 2930 921 2999 populi?
957 2929 1006 2994 oui
1028 2929 1050 2981 si
1067 2930 1133 2982 bano
1153 2929 1236 2996 legem
1254 2928 1397 2994 Seruiliam,

233 3011 262 3064 in
282 3011 384 3080 quade
403 3014 472 3081 agris
490 3014 650 3086 Hiempsalis¹
665 3016 788 3083 scriptum
807 3018 854 3079 est,
872 3016 952 3080 iubet,
970 3014 1047 3068 simul
1065 3014 1096 3066 de
1117 3014 1149 3066 iis
1166 3014 1268 3068 iudicat.
1298 3014 1397 3066 Deinde

234 3097 305 3150 siin
323 3098 372 3151 bac
388 3098 445 3169 lege
463 3100 482 3153 ii
501 3099 556 3168 agri
568 3101 771 3169 excipiebantur,
789 3101 821 3153 de
832 3102 926 3170 quibus
943 3101 1047 3154 foedere
1065 3103 1167 3154 cautum
1185 3105 1254 3155 esset
1272 3103 1328 3166 (nec
1346 3100 1397 3152 alia

233 3182 301 3253 legis
320 3186 400 3238 rerba
416 3185 496 3240 fuisse
514 3187 592 3257 etiam
610 3203 642 3239 ex
660 3191 724 3241 orat.
742 3188 762 3252 I,
774 3189 800 3251 4,
820 3187 850 3241 11
870 3188 1038 3258 colligemus),
1056 3187 1180 3255 numquid
1197 3189 1300 3240 cavetur
1312 3185 1397 3237 Hiem-

234 3268 314 3339 psali,
331 3273 512 3341 comprobatur
530 3273 585 3326 eius
597 3273 706 3326 foedus?
732 3274 823 3326 Nonne
835 3274 925 3326 Xriris
943 3290 994 3327 non
1012 3275 1095 3327 minus
1113 3290 1190 3343 quam
1202 3274 1318 3342 cuiquam
1338 3273 1397 3324 ante

235 3354 322 3424 legam
339 3357 482 3423 Seruiliam,
499 3359 596 3411 licebat
613 3359 705 3424 dicere,
723 3359 814 3413 foedus
826 3360 900 3424 illud,
918 3362 978 3429 quia
994 3361 1094 3414 iniussu
1106 3360 1195 3429 populi
1211 3359 1308 3412 factum
1320 3359 1396 3421 esset,

236 3454 290 3495 non
308 3457 367 3497 esse
384 3447 469 3497 ratum
486 3443 649 3497 habendum?
678 3445 766 3514 ltaque
783 3446 897 3498 invidiae
915 3446 1048 3499 faciendae
1066 3447 1225 3499 occasionem
1243 3445 1343 3512 quaerit
1356 3442 1396 3495 oi-

237 3541 308 3591 eero,
325 3526 430 3580 Rullum
447 3529 540 3598 ipsum,
558 3544 615 3581 cum
633 3529 696 3581 illud
714 3529 745 3581 de
763 3529 911 3584 foederibus
924 3531 1055 3594 scriberet,
1074 3530 1106 3582 de
1119 3530 1176 3582 aliis
1191 3530 1259 3597 agris
1270 3530 1395 3596 cogitasse

236 3612 395 3681 putabimus.
416 3643 451 3652 -
469 3615 538 3683 quod
559 3632 609 3667 uon
625 3617 711 3684 pratis
722 3617 765 3682 fit,
785 3616 878 3669 iudico.
913 3616 1070 3669 Particulam
1094 3615 1163 3684 quod
1179 3612 1210 3666 h.'
1222 3614 1240 3665 l.
1256 3628 1303 3680 pro
1322 3628 1395 3666 accu-

238 3700 324 3753 sativo
342 3703 369 3753 et
386 3700 513 3756 infinitivo
530 3703 593 3770 poni
612 3703 665 3754 noli
682 3704 836 3756 existimare.
866 3703 933 3756 Nam
950 3703 1037 3756 iudico
1055 3703 1102 3755 loc
1119 3719 1170 3755 non
1184 3698 1270 3769 protis
1281 3698 1346 3763 fieri
1363 3698 1394 3751 ad

237 3787 320 3839 totam
338 3787 465 3840 actionem
487 3790 609 3856 pertinet:
638 3804 705 3841 nunc
729 3805 761 3841 ex
784 3791 886 3842 actione
909 3806 988 3841 unum
1005 3790 1062 3853 hoc,
1090 3785 1157 3853 quod
1180 3801 1232 3837 non
1253 3785 1334 3851 gratis
1356 3783 1394 3847 fit,

238 3873 311 3941 qussi
328 3872 401 3942 eligit
418 3874 493 3943 idque
511 3875 614 3927 indicat.
649 3875 776 3928 Notabilis
794 3879 880 3928 tamen
897 3876 938 3928 bic
955 3876 1026 3928 locus
1045 3878 1094 3935 est,
1119 3886 1193 3939 quem
1212 3871 1286 3924 aliter
1304 3870 1393 3924 Cicero

239 3958 432 4025 conformasset,
449 3961 499 4013 nisi
516 3962 565 4013 rite
583 3962 738 4029 anaphoram
756 3961 856 4014 efficere
873 3962 1002 4015 voluisset.
1061 3989 1063 3994 ·

322 4081 367 4136 59.
383 4081 459 4145 Irata,
476 4082 546 4152 repis
557 4083 641 4150 filius.
676 4083 723 4136 Est
738 4085 769 4148 is,
787 4101 862 4153 quern
878 4085 927 4138 hoo
943 4084 1058 4148 ternpore
1075 4081 1172 4133 Romae
1190 4083 1318 4133 versatum
1336 4096 1394 4134 esse

238 4181 269 4221 ex
286 4169 452 4222 contentione
476 4170 531 4223 eius
553 4186 612 4222 cum
630 4168 658 4222 G.
676 4169 799 4235 Caesare,
821 4183 897 4238 quam
919 4168 1123 4232 commemoravi,
1140 4167 1320 4235 intelligimus:
1349 4168 1394 4235 qui

238 4270 294 4308 curn
318 4270 370 4308 non
392 4256 472 4309 multo
496 4259 557 4324 post
573 4256 715 4324 Hiempsali
732 4258 800 4324 patri
821 4253 997 4317 successisset,
1015 4253 1165 4322 Pompeium
1187 4255 1213 4306 in
1236 4254 1302 4308 bello
1324 4254 1394 4307 civili

239 4340 339 4395 adurit
354 4342 489 4411 victusque
507 4359 522 4394 e
540 4341 649 4394 Caesare
667 4342 700 4394 ad
718 4343 846 4408 Thapsum
864 4341 949 4408 periit
980 4339 1054 4404 Quod
1072 4344 1157 4394 autem
1170 4341 1259 4394 Iubam
1278 4341 1394 4410 appellat

237 4423 297 4480 dene
315 4427 477 4497 capillatam,
493 4429 606 4496 patrium
627 4427 669 4478 ille
691 4439 786 4477 morem
810 4423 973 4486 imitabatur3
997 4439 1056 4476 nam
1074 4425 1177 4477 llanros
1200 4425 1291 4492 capillo
1314 4425 1391 4492 longo

236 4513 413 4582 ducionisqno
429 4517 509 4582 capnt
526 4527 664 4566 exornasse
681 4515 708 4563 et
725 4509 819 4563 Strabo
836 4509 912 4563 XVII
929 4526 955 4577 p.
965 4509 1016 4564 828
1034 4514 1122 4564 narret
1139 4514 1166 4564 et
1182 4511 1279 4563 nummi
1295 4515 1392 4564 testan-

1151 4596 1186 4648 7.
