3550 5492
766 551 1004 665 2-153-

308 759 395 838 Quae
417 759 505 824 nobis
527 756 695 840 designatis
717 758 892 845 timebatis,
916 784 953 827 ea
974 785 1013 828 ne
1035 766 1171 831 accidere
1192 776 1318 854 possent
1340 773 1466 845 consilio
1502 834 1505 841 .

308 882 380 929 meo
393 882 438 927 ao
460 861 579 926 ratione
600 860 723 945 provisa
743 869 828 929 sunt.
871 865 942 931 Non
963 867 1054 933 modo
1074 889 1129 934 vos
1150 871 1236 936 eritis
1258 872 1293 936 in
1314 873 1390 957 otio,
1412 876 1466 959 qui

306 962 723 1052 semperessevolucratis,
746 966 917 1039 sedetiam
940 971 1024 1054 istos,
1048 973 1161 1056 quibus
1189 974 1257 1040 odio
1283 983 1330 1041 est
1358 978 1466 1061 otium,
1531 1037 1534 1044 .

307 1068 516 1154 quietissimos
528 1072 559 1132 et
569 1067 770 1134 otiosissimos
782 1071 918 1136 reddam.
934 1074 1057 1139 Etenim
1068 1075 1131 1140 illis
1143 1077 1281 1161 honores,
1291 1086 1466 1165 potestates,

307 1171 436 1237 divitiae
451 1194 489 1237 ex
509 1170 648 1237 tumultu
663 1177 756 1256 atque
776 1195 814 1237 ex
829 1174 1075 1244 dissensionibus
1091 1179 1208 1245 civium
1225 1185 1396 1266 comparari
1417 1207 1466 1250 so·

306 1274 387 1345 lent:
409 1296 473 1357 vos,
492 1286 623 1360 quorum
640 1276 784 1358 gratiain
803 1280 959 1363 suffragiis
977 1283 1127 1365 consistit,
1145 1283 1271 1348 libertas
1287 1285 1322 1349 in
1336 1285 1474 1371 legibus,

307 1379 404 1444 honos
434 1380 468 1444 in
495 1379 619 1445 iudiciis
647 1385 678 1444 et
706 1381 861 1464 aequitate
888 1385 1142 1469 magistratuum,
1172 1409 1221 1452 res
1247 1388 1410 1454 familiaris
1431 1391 1466 1454 in

307 1502 392 1570 pace,
416 1482 500 1549 omni
521 1482 640 1550 ratione
662 1482 761 1548 otium
782 1491 886 1550 tenere
901 1484 1030 1550 debetis.
1066 1487 1146 1553 Nam
1167 1489 1194 1553 s'i
1208 1489 1251 1570 hi,
1275 1489 1328 1575 qui
1343 1496 1466 1578 propter
1476 1507 1525 1563 103

308 1585 460 1653 desidiam
482 1585 516 1650 in
538 1584 599 1650 otio
614 1584 742 1668 'nsunt
765 1591 869 1653 tamen
892 1586 926 1652 in
947 1610 1005 1653 sua
1026 1591 1110 1676 turpi
1131 1591 1244 1660 inertia
1260 1593 1390 1678 capiunt
1411 1615 1465 1661 vc-

331 1782 333 1787 ,
392 1742 437 1783 aaa.
450 1743 573 1789 volueratis,
593 1751 666 1781 reram
683 1743 754 1782 eticae.
773 1762 799 1774 -
821 1744 894 1793 etium,
908 1754 974 1794 aeque
987 1748 1064 1788 caesos
1082 1749 1178 1789 reddam.
1198 1768 1224 1778 —·
1244 1750 1310 1791 etiem
1327 1752 1425 1791 retinere.
1438 1769 1464 1781 -

298 1810 350 1854 111.
362 1813 384 1852 ai
394 1812 413 1854 s's'
425 1813 468 1863 rae

307 1933 380 1995 teret,
397 1931 524 1985 intellexit
542 1931 598 1986 Nic.
616 1931 727 2000 iladvig.
744 1933 772 1986 in
790 1933 931 2005 Philologo¹
943 1935 1127 1994 Schneidewin.
1139 1941 1164 1993 11
1175 1957 1200 2008 p.
1216 1940 1264 1995 142
1281 1941 1398 2011 idemque
1416 1959 1463 2011 pro

307 2030 352 2082 so,¹
362 2017 432 2086 quod
449 2018 477 2071 in
493 2017 566 2071 libris
584 2034 632 2072 ms.
650 2021 691 2071 est
701 2018 864 2087 fecissemus,
879 2021 1028 2080 emandavit
1045 2024 1228 2090 quietissimam
1246 2040 1294 2079 nos
1311 2026 1463 2094 particulam

308 2113 338 2159 et·
347 2108 555 2175 anteposuimus,
578 2123 654 2175 quam
675 2108 796 2162 inlibris
819 2123 867 2162 ms.
891 2108 1038 2162 melioribus
1059 2110 1143 2177 prima
1165 2112 1322 2180 insequentis
1343 2114 1462 2166 vocabuli

307 2192 406 2259 syllaba
421 2190 548 2257 haustam,
565 2195 594 2246 in
611 2193 782 2248 deterioribus
800 2210 839 2259 eo,
857 2195 926 2264 quod
936 2203 1014 2262 otqee
1024 2199 1071 2260 est,
1090 2197 1230 2265 significari
1243 2199 1360 2252 arbitror.
1389 2199 1463 2262 Quod

307 2278 449 2348 {advigius
460 2279 606 2349 reliquerat,
619 2279 750 2348 supplevit
759 2281 873 2350 Ussing,
885 2285 915 2354 ut
931 2297 978 2350 pro
996 2297 1036 2345 eo,
1054 2283 1122 2350 quod
1134 2284 1234 2338 codices
1246 2284 1370 2352 praebent
1387 2286 1465 2339 otiosi

307 2364 392 2429 etiam
409 2366 539 2435 praeclare
557 2366 693 2421 coniiceret
710 2366 768 2419 odio
787 2373 826 2419 est
847 2366 933 2419 otium.
969 2365 1004 2418 Ut
1026 2365 1090 2418 baec
1107 2361 1278 2421 recentiorum
1294 2369 1463 2436 interpretum

306 2443 408 2522 ingenio
425 2453 546 2507 restituta
563 2456 630 2516 runt,
647 2453 685 2506 ita
702 2469 767 2523 qnae
784 2452 906 2521 deinceps
930 2455 1084 2521 sequuntur,
1101 2453 1154 2505 iam
1171 2457 1270 2507 veteres
1287 2454 1462 2508 emendarunt.

307 2532 372 2590 llam
394 2553 442 2606 pro
467 2553 497 2592 eo
515 2537 584 2606 quod
600 2552 648 2591 nos
669 2536 793 2590 babemus
815 2538 894 2591 bones
916 2554 949 2591 cx
966 2539 1085 2592 Beroaldi
1110 2541 1271 2605 coniectura,
1296 2541 1397 2595 codices
1415 2558 1463 2596 ms.

304 2620 430 2686 praebent
447 2620 504 2682 boe,
522 2619 567 2672 sed
585 2619 705 2672 bonorem
722 2624 791 2672 recte
808 2620 860 2691 legi
877 2624 1003 2689 ostendit,
1020 2625 1090 2692 qnod
1107 2625 1184 2693 paulo
1203 2629 1262 2678 ante
1285 2630 1326 2680 est
1347 2627 1463 2682 deame.

304 2702 369 2757 Tum
392 2703 604 2771 mcya’vrctaam,
621 2719 664 2756 rea
675 2702 831 2770 familiaris,
848 2721 908 2758 cum
923 2706 984 2759 libri
1001 2722 1048 2761 ms.
1066 2707 1152 2775 inepte
1174 2708 1287 2762 habeant
1308 2727 1415 2780 mayaco
1431 2711 1463 2763 11-

302 2804 387 2843 mores
398 2788 559 2857 familiares,
575 2789 674 2858 primus
692 2789 823 2857 praeclare
846 2791 951 2860 scripsit
968 2792 1084 2845 luntinus
1103 2792 1185 2845 editor
1201 2794 1257 2856 vel,
1274 2809 1332 2846 cnm
1348 2795 1393 2848 iile
1409 2813 1463 2848 ma·

301 2878 430 2943 cebetas
447 2871 617 2942 emendasset,
626 2876 800 2931 Laurcdanus.
833 2877 968 2931 Sententia
984 2878 1042 2947 ipsa
1057 2879 1134 2932 buius
1151 2877 1203 2932 loci
1220 2881 1261 2931 est
1274 2883 1377 2947 aperta:
1399 2881 1463 2934 baec

301 2965 389 3017 tamen
408 2962 458 3015 duo
476 2955 709 3027 animadvertimus,
726 2963 837 3031 primum
855 2964 1013 3018 consistendi
1029 2964 1147 3030 veibum,
1169 2964 1197 3017 in
1221 2979 1271 3033 quo
1289 2965 1337 3017 hcc
1359 2969 1411 3029 est,
1428 2967 1463 3018 ci·

300 3049 382 3112 vium
400 3048 432 3100 ad
450 3063 514 3116 qnos
532 3047 620 3102 (liceto
638 3048 715 3114 dicit,
733 3050 843 3120 gratiam
860 3061 912 3102 non
934 3049 1003 3102 ultra
1020 3049 1144 3119 suffragia
1164 3049 1315 3120 procedere,
1338 3053 1418 3104 totam
1435 3051 1462 3103 in

301 3135 433 3202 suffragiis
450 3150 508 3189 esse
524 3137 646 3204 positam,
664 3138 758 3205 quibus
769 3153 828 3190 com
839 3136 931 3189 Rullus
949 3135 1072 3204 suffragia
1082 3135 1192 3189 adimere
1204 3135 1395 3201 verisiensi?
1405 3138 1463 3205 sq.),

299 3221 442 3274 maximum
459 3220 693 3288 damnumintulit,
711 3226 765 3276 tum
783 3223 863 3276 otium
881 3229 980 3287 tenere,
1003 3238 1050 3290 pro
1067 3238 1118 3292 quo
1136 3238 1168 3276 nc
1186 3224 1243 3292 quis
1265 3223 1392 3278 retinendi
1408 3239 1463 3277 ver·

299 3304 363 3360 bum
382 3309 426 3359 aut
441 3308 557 3375 requirat
574 3311 619 3361 aut
635 3310 734 3378 probet,
751 3310 815 3363 iacit
833 3309 967 3364 terrueritis
983 3308 1061 3373 illud,
1080 3309 1150 3378 quod
1166 3310 1244 3378 paulo
1261 3312 1322 3378 post
1337 3310 1388 3364 huc
1405 3325 1462 3379 spe·

297 3395 375 3445 stans
393 3393 495 3460 repetit
523 3392 562 3446 Ac
579 3394 682 3462 saepius
699 3395 738 3447 ita
746 3393 836 3448 Oicero
854 3393 924 3458 dicit,
937 3395 1007 3447 velut
1024 3386 1232 3447 eoooeetodioem
1243 3393 1319 3458 (Phil.
1328 3395 1349 3460 I,
1363 3394 1461 3458 liat),

297 3478 448 3542 noranffle
458 3478 499 3532 cii.
510 3478 555 3541 111,
564 3480 589 3543 ’1,
598 3479 645 3543 443
663 3496 689 3547 p.
700 3479 783 3533 Flacc.
794 3480 819 3544 1,
832 3480 883 3545 15),
893 3481 1075 3536 eocwritetem
1092 3488 1118 3535 et
1134 3479 1344 3551 imperiomfflat.
1354 3482 1461 3544 maill,
1574 3502 1584 3521 ⁴-

299 3564 356 3632 37),
373 3566 574 3631 instimulando
592 3566 666 3621 Verr.
683 3567 734 3632 IV,
752 3568 799 3641 21,
816 3568 874 3633 46),
892 3570 920 3621 in
942 3567 1034 3639 quibus
1056 3571 1142 3620 tamen
1160 3566 1279 3620 omnibus
1302 3581 1353 3619 non
1375 3567 1460 3618 minus

296 3651 411 3704 retinere
429 3651 479 3704 dici
496 3652 598 3706 licebat
629 3650 726 3706 Verum
742 3651 791 3706 hae
808 3653 964 3706 maximere
981 3652 1092 3719 insignis
1111 3653 1151 3703 est
1167 3651 1209 3702 bic
1226 3649 1305 3713 locus,
1324 3649 1393 3716 qnod
1410 3664 1460 3716 qno

297 3750 394 3806 genere
411 3738 530 3792 vitiorum
548 3740 649 3794 codices
664 3740 750 3794 nostri
768 3739 884 3794 laborent
901 3744 929 3794 et
945 3730 996 3807 qua
1014 3737 1113 3790 ratione
1130 3734 1283 3789 emendandi
1296 3735 1356 3799 sint,
1373 3735 1481 3789 multis*

296 3821 426 3891 exemplis
444 3825 564 3879 ostendit.

386 3907 643 3965 rotnascenses
661 3913 696 3965 in·
709 3911 750 3965 his
772 3912 931 3966 orationibus
954 3912 995 3964 est
1017 3907 1163 3962 mendosior
1185 3906 1233 3960 hac
1251 3909 1366 3960 extrema
1382 3906 1459 3959 huius

296 3993 423 4048 orationis
445 4000 518 4064 parte
540 3996 655 4066 adeoque
677 3999 819 4067 aequaliter
838 3997 866 4049 in
889 3995 1008 4049 omnibus
1031 3992 1164 4047 codicibus
1187 4007 1235 4044 ms.
1258 3994 1406 4058 corruptus,
1429 3994 1459 4043 ut

297 4094 403 4145 omnes,
421 4082 466 4147 qui
483 4085 585 4146 exunt,
603 4082 637 4135 ab
658 4098 710 4137 uno
733 4084 849 4152 principe
870 4083 961 4135 ductos
983 4095 1041 4134 esse
1061 4079 1121 4131 binc
1140 4076 1180 4130 vel
1198 4077 1308 4130 maxime
1326 4081 1457 4145 appareat

295 4164 387 4234 Ipsum
404 4170 490 4220 autem
506 4169 627 4222 vitiorum
645 4183 727 4237 genus
743 4168 869 4224 eiusmodi
891 4171 943 4231 est,
967 4165 1036 4234 qnod
1053 4180 1105 4217 non
1128 4179 1161 4217 ex
1183 4163 1340 4232 negligentia
1362 4178 1457 4227 eorum,

297 4249 342 4318 qui
358 4250 545 4318 describerent,
563 4251 609 4306 sed
626 4253 745 4321 exempli,
759 4254 829 4323 quod
846 4252 1046 4314 describeretur,
1069 4249 1178 4302 evanida
1200 4253 1277 4318 atque
1296 4249 1406 4302 obscura
1421 4249 1457 4303 le·

296 4334 384 4388 done
401 4340 489 4390 uatum
508 4353 566 4391 esse
582 4337 707 4391 videatur.
742 4338 821 4392 Nulla
837 4338 916 4406 igitur
933 4336 1025 4388 lacuna
1043 4336 1097 4397 est,
1118 4334 1182 4387 nibil
1200 4333 1254 4386 iere
1270 4333 1456 4401 interpretandi

296 4434 376 4476 cansa
394 4422 518 4489 additum,
536 4424 583 4478 sed
598 4424 699 4477 litterae
716 4425 851 4489 confusae,
869 4421 993 4475 vocabula
1016 4420 1083 4473 male
1101 4419 1227 4488 dirempta
1249 4419 1291 4471 vel
1312 4420 1456 4483 coniuncta,

296 4507 505 4563 teminab‘onum
517 4512 594 4563 notae
609 4524 747 4578 perperam
763 4509 919 4562 intellectae:
938 4521 1002 4574 quas
1015 4504 1178 4558 difficultates
1195 4505 1268 4557 auxit
1284 4505 1456 4569 librariorum,

297 4589 358 4645 dnm
374 4591 404 4645 in
420 4593 550 4661 probabili
571 4593 705 4664 diligentia
727 4596 815 4647 brnen
839 4593 950 4661 aliquam
973 4594 1043 4645 certe
1065 4591 1223 4660 singularum
1246 4605 1338 4643 vocum
1356 4594 1456 4644 senten-

299 4674 361 4730 tian
377 4681 514 4749 mearunt,
535 4678 627 4735 infelix
641 4677 777 4739 induatis
814 4678 933 4735 Editores
955 4676 1058 4734 demum
1079 4677 1140 4750 plus
1158 4677 1215 4733 ausi
1232 4679 1305 4742 sunt,
1323 4676 1375 4735 aed
1396 4690 1454 4735 cum
