3550 5492
935 591 1014 637 XXV!

398 731 515 814 aliquid
535 731 626 795 liceat
647 731 761 812 dicere,
790 729 859 814 quis
885 735 989 824 tamen
1011 729 1165 817 probabit,
1194 731 1275 817 quod
1296 729 1325 813 Ι,
1351 731 1389 812 2,
1419 733 1438 794 6
1461 730 1560 796 habet

397 846 490 906 etiam
509 844 562 907 illc
583 867 663 907 auno
686 847 717 906 ot
737 843 781 924 Il,
802 843 841 925 4,
864 845 883 907 9
906 866 1002 928 aeque
1024 844 1152 907 obscura
1175 841 1278 907 eloim?
1299 842 1329 906 A
1350 842 1462 926 quibus
1477 842 1557 908 locis

395 955 521 1039 profecti
543 959 606 1019 toto
626 955 683 1019 hoc
699 956 733 1020 in
757 976 866 1038 genere
886 955 980 1033 fidem
999 955 1047 1019 illi
1068 954 1241 1037 lrab‘endam
1268 974 1333 1019 esse
1360 952 1557 1036 negabimus,

394 1065 534 1150 Denique
555 1066 743 1131 Erlurtensis
771 1066 982 1132 additamenta
1010 1066 1161 1150 quaedam
1187 1065 1293 1144 habet,
1320 1085 1496 1148 quaecum
1520 1065 1556 1132 in

395 1176 482 1241 nullo
508 1176 576 1242 alio'
595 1175 672 1240 libro
699 1177 778 1260 sint,
811 1198 873 1242 non
902 1177 937 1241 in
965 1177 1123 1265 ἀρχετύπῳ
1152 1177 1338 1260 inoluisse,
1372 1177 1427 1242 sed
1455 1177 1557 1263 expli-

393 1288 484 1353 candi
513 1309 605 1353 causa
625 1286 745 1352 adiecta
765 1280 841 1353 essev
858 1287 1038 1370 videantur,
1067 1288 1153 1357 velut
1174 1289 1220 1371 ΙΙ,
1250 1290 1306 1371 al,
1333 1289 1375 1353 93
1397 1294 1559 1374 praetores

393 1403 508 1464 orbani
538 1400 746 1485 appellantur,
780 1401 861 1485 quod
888 1402 947 1466 etsi
975 1400 1142 1466 ridiculum
1170 1406 1230 1483 θεῖ,
1267 1401 1417 1485 quomodo
1445 1406 1556 1467 tamen

392 1509 510 1574 librarii
532 1513 614 1576 mala
635 1511 770 1577 sollertia
791 1512 932 1595 genuerit
945 1512 1034 1600 facile
1056 1510 1257 1594 intelligitur3
1278 1511 1318 1595 1,·
1333 1513 1368 1594 6,
1392 1513 1431 1576 19
1454 1536 1555 1598 nepae
1577 1587 1582 1595 ,

393 1623 482 1687 aliud
501 1603 664 1708 quicquam
685 1626 725 1686 in
745 1625 840 1687 arbe
862 1647 956 1708 qaam
977 1629 1069 1688 iaaac
1090 1647 1200 1690 aomca
1225 1623 1351 1709 Capuae
1364 1625 1575 1708 reliquerunt.

345 1721 364 1731 ”
392 1733 552 1816 scribitur,
586 1733 667 1819 quod
689 1754 728 1798 ne
745 1734 785 1798 iis
813 1735 955 1819 quidem,
983 1737 1037 1820 qui
1064 1736 1275 1801 Erfurtensam
1303 1734 1417 1802 librum
1444 1737 1554 1820 magni

391 1845 558 1928 faciebant,
587 1845 732 1922 omnibus
758 1846 921 1931 probatum
943 1851 1005 1924 est3
1041 1847 1085 1925 Π,
1108 1850 1143 1929 9,
1173 1847 1214 1910 24
1236 1847 1353 1929 longior
1382 1848 1456 1913 adeo
1478 1869 1553 1912 sen-

390 1957 512 2038 tentia,
540 1976 619 2041 quae
652 1956 687 2020 in
713 1956 810 2021 nullo.
828 1956 889 2022 alio
923 1957 1024 2022 codice
1053 1962 1114 2040 θεῖ,
1143 1957 1276 2023 additur.
1328 1958 1403 2023 Nec¹
1425 1964 1553 2024 tantum

358 2079 367 2102 ¹
390 2064 561 2130 adiiciendo
582 2071 689 2151 peccat
709 2065 777 2149 ille,
800 2087 909 2131 verum
931 2067 1025 2131 etiam
1046 2051 1224 2134 omittendo.
1266 2050 1347 2133 Nam
1368 2069 1412 2151 ΙΙ,
1436 2070 1487 2152 35,
1508 2071 1549 2136 95

391 2178 529 2260 Lipares
556 2189 718 2242 montanos
745 2177 894 2265 appellari
922 2197 1046 2243 necesse
1074 2184 1135 2260 est,
1165 2178 1218 2243 sed
1244 2178 1431 2245 Erfurtensis
1453 2180 1551 2248 libra-

313 2297 327 2339 ἓ
389 2288 471 2371 rius,
500 2288 582 2374 quod
609 2288 797 2354 adjectivum
826 2310 888 2354 non
910 2289 1110 2373 intelligeret,
1140 2289 1266 2373 Ligures
1282 2295 1416 2359 tantum
1443 2293 1551 2378 appel-

390 2401 477 2465 lavit.
521 2401 605 2477 Quae
633 2421 707 2465 cum
725 2400 771 2464 ita
792 2401 870 2484 sint,
893 2400 1081 2466 Erfurtcnsis
1109 2399 1221 2466 codicis
1250 2421 1328 2486 quae
1355 2402 1549 2488 indoles-sit,

390 2511 541 2598 quiusus
562 2511 760 2596 perspicitur:
783 2512 975 2578 adhibendus
997 2512 1051 2591 sit,
1071 2512 1290 2595 auferendus,
1313 2513 1549 2598 examinandus,

388 2628 469 2688 certe
490 2644 553 2688 non
574 2623 633 2689 erit
653 2624 699 2689 ita
719 2624 869 2708 utendus,
893 2630 929 2689 ut
950 2646 1022 2695 eum
1042 2624 1170 2710 reliquis
1197 2626 1412 2691 communibus
1434 2626 1549 2693 codici-

388 2716 445 2799 bus
466 2735 619 2819 praeferas
639 2742 865 2820 peccaruntque
886 2736 1077 2801 hauddubie
1098 2737 1303 2803 recentissimi
1324 2737 1468 2819 editoreS,
1492 2739 1550 2822 qui

389 2851 487 2911 totam
508 2847 626 2913 harum·
641 2847 814 2912 orationum
836 2848 1043 2913 recensionem
1065 2846 1105 2912 ad
1118 2848 1205 2913 illius
1220 2848 1433 2915 auctoritatem
1454 2849 1549 2915 insti·

388 2963 524 3023 tuerent.
568 2957 630 3024 Nos
653 2959 779 3044 quidem
794 2979 829 3025 eo
844 2958 894 3024 usi
908 2981 1016 3024 sumus
1031 2944 1093 3025 urio
1108 2959 1243 3024 maxime
1264 2959 1329 3025 loco
1350 2960 1395 3043 II,
1416 2960 1471 3042 15,
1493 2963 1548 3041 40,

385 3069 440 3134 ubi
461 3092 543 3136 unus
566 3083 681 3154 empna
702 3070 784 3159 quod
798 3070 921 3135 videtur
936 3071 1008 3134 ferri
1022 3091 1112 3155 posse
1135 3070 1273 3151 exhibet,
1296 3069 1377 3153 quod
1393 3092 1429 3134 ea
1444 3077 1548 3139 aetate

386 3198 449 3262 qua
469 3179 538 3264 ipse
558 3179 691 3264 scriptus
713 3184 774 3260 θεῖ,
802 3179 915 3250 clarius
937 3180 1063 3245 fortasse
1084 3180 1118 3244 in
1141 3178 1304 3264 archetypo
1325 3178 1386 3263 legi
1407 3187 1546 3265 poterat:

386 3289 467 3374 quod
488 3289 560 3355 aliis
587 3289 694 3375 paucis
721 3289 796 3354 locis
817 3289 937 3366 rariora
963 3289 1070 3372 habet,
1099 3289 1186 3354 velut
1206 3290 1236 3371 l,
1252 3292 1301 3373 4,
1327 3290 1366 3355 13
1399 3296 1433 3355 ia
1453 3297 1558 3385 lautae,

387 3401 562 3483 uectigalia,
584 3401 628 3483 H,
652 3401 709 3483 30,
737 3401 779 3466 83
801 3401 1034 3486 difficultatibus
1057 3405 1088 3464 et
1110 3402 1322 3487 dffficultatec,
1349 3389 1395 3486 ll,
1420 3405 1477 3487 32,
1502 3409 1547 3474 82

283 3572 287 3579 .
386 3512 629 3597 comportandas,
657 3510 703 3594 Π,
738 3512 797 3594 37,
833 3513 892 3575 101
914 3515 1061 3585 >tassaria
1099 3511 1194 3576 etiam
1231 3514 1406 3579 coniectura
1441 3519 1547 3602 potuit

383 3624 528 3690 accidere.
601 3636 604 3642 ⁴
861 3612 866 3619 ⁸

368 3769 371 3773 ¹
468 3737 576 3803 Altera
596 3737 736 3803 codicum
750 3738 838 3823 quasi
853 3737 971 3803 familia
992 3743 1039 3803 θεῖ
1064 3739 1254 3822 Italicorum,
1278 3759 1356 3824 quae
1377 3745 1546 3825 postquam

382 3850 515 3933 Poggius
542 3849 739 3916 Florentinus
773 3871 811 3915 ex
839 3849 1025 3916 monasterio
1059 3850 1090 3916 S.
1120 3850 1201 3939 Galli
1235 3854 1324 3915 vetus
1366 3851 1545 3936 exemplum

382 3951 555 4028 orationum
578 3963 794 4028 Tullianarum
814 3963 849 4026 in
870 3962 994 4027 Italiam
1012 3963 1143 4052 attulit,
1176 3969 1253 4029 nata
1271 3968 1327 4027 est.
1370 3962 1415 4026 Ea
1436 3966 1545 4030 autem

208 4114 211 4119 ·
257 4067 285 4156 J
381 4096 488 4140 rursus
515 4073 638 4138 videtur
664 4094 729 4152 esse
758 4071 880 4162 duplex.
924 4072 1005 4137 Nam
1039 4095 1110 4138 oum
1134 4079 1223 4138 vetus
1251 4073 1333 4137 illud
1366 4072 1544 4157 exemplum

259 4187 263 4195 '
381 4206 444 4251 non
472 4190 595 4251 tantum
625 4184 663 4248 ab
690 4183 780 4248 initio
818 4188 898 4248 esset
924 4184 1087 4267 mutilum,
1121 4185 1175 4249 sed
1199 4184 1296 4248 etiam
1328 4183 1436 4248 multis
1464 4183 1544 4250 locis

381 4296 600 4362 difficillimum
625 4296 720 4378 lectu,
748 4296 947 4379 factumest,
975 4301 1012 4362 ut
1033 4298 1072 4361 ab
1099 4296 1202 4382 aliquo
1228 4297 1296 4362 uiro
1324 4275 1412 4360 docto
1435 4314 1542 4360 emen-

382 4408 507 4473 daretur
534 4414 626 4493 atque
653 4407 693 4472 ad
720 4428 812 4472 usum
840 4408 1061 4475 multitudinis·
1085 4411 1377 4488 accommodaretur,
1414 4427 1476 4490 qua
1503 4408 1543 4476 de

382 4539 415 4584 re
436 4519 527 4604 plura
553 4519 687 4604 dirimas
716 4521 751 4585 in
776 4520 994 4588 commentario
1015 4522 1167 4607 isagogico
1194 4522 1234 4586 ad
1257 4520 1322 4600 Cio.
1354 4544 1384 4610 p.
1406 4523 1486 4587 Mur.
1509 4546 1542 4609 p.

282 4676 285 4689 ‚
386 4631 482 4700 XLII.
524 4631 608 4702 Tum
632 4631 760 4716 plurimi
788 4632 827 4697 ad
861 4633 1104 4721 cognoscendum
1131 4654 1166 4698 ac
1200 4610 1433 4721 propagandum
1469 4656 1543 4704 con-
