3550 5492
872 624 1085 688 ..52„.

394 789 494 874 cipem
516 787 728 852 renuntiavit?
760 787 896 852 Rullum.
932 787 992 850 Vix
1015 785 1186 850 mehercule
1202 784 1299 848 servis
1314 782 1371 846 hoc
1392 802 1467 846 eum
1482 782 1548 864 suis,

395 914 456 955 non
479 891 566 955 robis
588 892 728 955 omnium
743 891 881 973 gentium
898 889 1031 953 dominis
1046 888 1247 972 probaturum
1262 884 1439 948 arbitrarer.
1471 883 1550 968 Opti-

394 1016 463 1059 mae
485 996 568 1077 leges
591 994 686 1076 igitur
707 995 765 1058 hac
787 995 853 1077 lege
877 994 945 1058 sine
974 991 1038 1055 ulla
1067 990 1241 1075 suspicione
1269 987 1428 1053 tollentur.
1475 986 1551 1050 Idem

394 1099 461 1180 lege
484 1097 544 1161 sibi
568 1119 624 1160 sua
646 1097 833 1161 curationem
856 1101 953 1182 petet:
977 1096 1057 1159 idem
1081 1096 1195 1159 maiore
1217 1099 1303 1180 parte
1326 1091 1433 1177 populi
1450 1093 1551 1156 001110-

394 1203 456 1285 giis
479 1201 610 1285 spoliata
632 1202 756 1265 comitia
778 1202 904 1266 habebit
929 1222 1007 1284 quae
1035 1199 1117 1264 volet
1145 1205 1237 1282 atque
1259 1198 1292 1260 in
1323 1196 1363 1258 iis
1392 1216 1426 1258 se
1456 1185 1551 1279 ipsun

394 1304 586 1369 renuntiabit
608 1309 638 1367 et
660 1304 803 1368 videlicet
825 1304 956 1386 collegas
980 1323 1060 1383 suos,
1093 1301 1272 1384 ascriptores
1300 1296 1377 1379 legis
1407 1297 1551 1380 agrariae,

304 1477 308 1489 ,
368 1412 456 1473 'non
478 1409 669 1493 repudiabit:
700 1410 852 1493 aquibus
875 1409 904 1472 ei
933 1408 1017 1470 locus
1039 1404 1157 1490 primus
1185 1401 1322 1466 invidiae
1353 1397 1390 1464 et'
1413 1400 1449 1464 in
1473 1421 1551 1486 prae

396 1512 561 1597 scriptione
584 1512 661 1594 legis
684 1533 845 1576 concessus
868 1519 931 1592 est,
955 1509 1046 1575 ceteri
1070 1510 1188 1572 fruetus
1204 1506 1343 1575 omnium
1366 1524 1484 1588 rernm,
1507 1504 1552 1590 qni

481 1695 585 1734 arbitror.
598 1713 622 1723 -
636 1695 681 1733 ntia
695 1695 823 1743 exceptione.
843 1713 867 1723 -
890 1693 985 1740 babebit·
1003 1702 1054 1741 qnos
1067 1693 1127 1732 rotet.
1147 1709 1171 1718 -
1186 1689 1272 1737 primae
1290 1689 1312 1742 tn
1330 1686 1401 1726 indice
1414 1690 1436 1727 et
1446 1689 1478 1741 ¹in
1489 1696 1549 1736 prae

395 1762 516 1810 scriptione.

395 1889 837 1958 000000110000110011,οι1101110
859 1891 1016 1958 interrogata
1040 1887 1228 1955 complectitur,
1250 1900 1315 1953 qrrae
1334 1884 1440 1952 singula
1464 1884 1487 1937 si
1511 1899 1550 1936 suo

345 1996 351 2013 ¹
396 1991 520 2043 responso
539 1977 663 2038 ornasset,
683 1990 775 2026 nomen
787 1977 885 2025 tantum
904 1974 1042 2040 posuisset.
1070 1972 1158 2040 Itaque
1173 1971 1215 2040 qui
1228 1970 1372 2023 memoriter
1385 1970 1456 2022 hunc
1475 1969 1551 2021 locun

397 2061 479 2112 citans
498 2077 571 2114 suum
590 2061 680 2127 cuique
698 2060 766 2126 parti
784 2074 934 2127 responsum
956 2057 1060 2120 tribuit,
1079 2070 1218 2123 pronomen
1244 2054 1352 2117 omittit,
1370 2053 1469 2122 Aquila
1487 2053 1553 2105 Rom.

397 2145 429 2197 de
447 2144 489 2212 fig.
508 2150 572 2199 seut.
588 2149 615 2198 et
632 2146 695 2198 eloe.
714 2145 747 2198 36
767 2145 831 2208 (iaris
849 2146 928 2213 lepern
948 2143 1025 2195 tulit?
1058 2141 1159 2195 Rullus.
1196 2140 1259 2202 Quis
1278 2140 1359 2193 tribus
1377 2140 1488 2192 sortitiae
1506 2141 1554 2192 eat?

396 2229 498 2284 Rullus.
520 2232 594 2293 Quis
613 2232 769 2284 decereviros
787 2231 905 2283 creuerit?
933 2229 1034 2283 Erillus.
1063 2229 1179 2282 Retinuit
1196 2233 1280 2281 tamen
1298 2229 1371 2281 Mart..
1391 2227 1456 2296 Gap.
1467 2227 1553 2293 utu

402 2314 466 2377 Quis
485 2317 564 2384 lepern
577 2317 654 2368 tulit?
678 2315 779 2369 Rullus
808 2315 1041 2378 Quisrterernniroa
1055 2315 1211 2383 praenotuit
1228 2314 1346 2366 creontis
1368 2313 1445 2366 idem
1457 2314 1552 2368 Rullus.

398 2428 432 2438 -
450 2401 603 2454 arbitrarer.
638 2402 672 2454 Et
689 2402 804 2455 codicum
823 2401 974 2454 auctoritate
992 2407 1018 2454 et
1036 2402 1164 2454 sententia
1181 2403 1238 2470 ipsa
1256 2401 1319 2454 haec
1337 2400 1413 2453 lectio
1433 2416 1555 2454 commeo·

396 2484 478 2538 datur.
514 2486 629 2539 Pertinet
647 2487 715 2539 enim
734 2488 800 2539 coni.
821 2487 853 2538 ad
870 2488 980 2555 priorem
999 2489 1124 2540 enuntiati
1144 2486 1315 2554 pertemere
1338 2486 1421 2538 seruis
1440 2485 1489 2539 lior
1506 2500 1554 2539 eun

395 2572 449 2624 suis
463 2571 636 2640 probaturum
655 2573 809 2636 arbitrarer,
829 2589 905 2640 quam
923 2589 980 2626 cnm
999 2579 1088 2628 contra
1100 2577 1232 2629 veritatem
1244 2573 1363 2642 fingeret,
1381 2555 1554 2642 imperfectum

401 2660 547 2728 ponendum
565 2666 628 2714 erat.
655 2661 759 2713 Poterat
771 2661 827 2713 sine
845 2660 923 2713 dubio
935 2662 1010 2714 etiam
1024 2662 1163 2715 indicativo
1176 2659 1290 2713 arbitror
1307 2661 1359 2724 uti3
1378 2659 1424 2712 scd
1444 2660 1469 2712 is
1481 2659 1555 2712 lenior

399 2749 475 2810 esset,
493 2747 567 2815 quasi
586 2747 701 2800 accidere
718 2749 816 2812 posset,
834 2750 863 2798 ut
881 2747 943 2800 talia
961 2743 1041 2803 seruis
1060 2749 1227 2817 praeciperet.
1268 2747 1315 2800 Est
1332 2747 1401 2799 enim
1419 2747 1491 2800 idem
1510 2747 1554 2798 dis·

398 2832 493 2884 crimen
512 2848 542 2884 ae
559 2833 581 2884 si
600 2833 670 2885 dicas
688 2833 735 2883 cin
752 2832 799 2884 lior
812 2831 939 2901 probaret
956 2838 982 2886 et
999 2835 1045 2886 ur‘n
1062 2835 1109 2887 boe
1118 2832 1247 2903 probabit,
1265 2848 1371 2901 quorum
1384 2831 1450 2884 illud
1468 2828 1496 2884 in
1512 2832 1554 2884 bac

394 2933 422 2971 re
441 2919 526 2985 aptius
545 2933 602 2971 esse
625 2921 740 2987 apparet.
766 2947 800 2954 -
823 2918 879 2971 sine
901 2919 957 2971 0110
981 2923 1127 2991 arrepicione
1144 2921 1161 2973 i.
1180 2936 1202 2972 e.
1219 2920 1271 2984 ita,
1294 2923 1323 2971 ut
1340 2933 1416 2971 nemo
1439 2933 1486 2971 eas
1505 2916 1554 2972 tolli

394 3006 547 3073 suspicetur,
565 3006 625 3074 quia
643 3022 695 3058 non
708 3006 888 3070 nominantur3
906 3023 964 3059 nam
984 3009 1007 3060 si
1028 3006 1223 3074 suspicaremini
1242 3021 1285 3058 eas
1304 3002 1336 3055 iri
1355 3003 1496 3069 sublatum,
1509 3017 1553 3056 non

394 3091 549 3158 probaretis,
586 3090 709 3159 Naugerii
734 3092 879 3145 coniectura
898 3091 1013 3145 effectum
1033 3094 1081 3153 est,
1099 3089 1166 3158 quod
1184 3089 1266 3143 adhuc
1283 3089 1337 3142 fere
1355 3086 1484 3140 edebatur
1504 3086 1553 3141 nne

395 3165 449 3228 nlla
467 3178 628 3246 exceptione,
652 3177 719 3244 quod
737 3193 828 3245 parum
856 3164 1015 3245 probandum
1035 3191 1090 3229 esse
1117 3175 1240 3227 videmus.
1282 3175 1328 3227 Est
1350 3174 1418 3226 enim
1438 3176 1486 3226 aut
1502 3173 1552 3235 hoo,

396 3275 484 3313 omnes
502 3261 572 3330 leges
591 3262 702 3330 optimas
720 3261 790 3312 nulla
809 3264 917 3329 excepta
930 3260 985 3313 tolli
1004 3260 1080 3328 idque
1093 3259 1194 3324 falsum,
1213 3262 1272 3328 quia
1286 3259 1317 3312 de
1335 3259 1436 3310 duabus
1449 3262 1553 3319 tantum,

395 3346 494 3399 Licinia
511 3353 537 3400 et
555 3350 673 3401 Aebutia.
695 3347 765 3412 dicit,
783 3350 827 3399 aut
845 3347 903 3409 hoc,
920 3346 978 3399 illas
1001 3347 1072 3414 leges
1094 3347 1131 3398 ita
1154 3349 1223 3400 totas
1247 3347 1317 3410 tolli,
1339 3348 1368 3398 ut
1386 3344 1451 3396 nihil
1478 3360 1511 3397 ex
1526 3344 1553 3395 iis

396 3433 548 3501 excipiatur,
568 3435 636 3502 quod
654 3450 705 3487 non
727 3435 811 3502 magis
835 3437 925 3502 aptum
942 3436 990 3488 est.
1035 3434 1101 3486 Nam
1123 3448 1184 3487 cum
1205 3451 1282 3486 unam
1306 3449 1360 3486 rem
1382 3431 1434 3484 illis
1459 3431 1553 3501 legibue

397 3517 512 3585 praecipi
534 3519 695 3586 eandemquev
711 3518 768 3585 lege
788 3518 898 3570 Servilia
922 3517 978 3570 tolli
1002 3518 1084 3581 dicat,
1111 3518 1169 3571 illas
1188 3521 1255 3571 totas
1279 3518 1335 3571 tolli
1353 3516 1445 3570 inutile
1464 3519 1506 3570 est
1521 3515 1553 3568 di·

397 3616 466 3656 cere.
480 3630 513 3640 -
532 3604 586 3671 lepe
604 3602 654 3655 sibi
671 3620 727 3654 sno.
754 3602 873 3654 Dativum
886 3595 1046 3670 pronominis
1064 3603 1117 3655 noli
1135 3605 1288 3671 coniungere
1306 3618 1364 3655 cum
1381 3601 1472 3665 verbo,
1489 3599 1551 3670 quod

397 3688 591 3756 perseipsum
613 3689 710 3756 optime
732 3690 846 3750 constat,
870 3688 915 3739 sed
939 3687 1055 3740 additum
1080 3691 1120 3740 est
1143 3689 1288 3757 possessivo
1312 3685 1551 3757 gravitatis-'causa¹

398 3777 526 3842 tamquam
545 3774 617 3826 dicas
634 3788 682 3825 sua
699 3787 763 3839 quae
781 3771 832 3823 sibi
849 3773 954 3840 propria
972 3776 1011 3824 est
1029 3773 1093 3841 lege.
1130 3772 1212 3826 Notus
1231 3778 1271 3826 est
1291 3773 1333 3826 hic
1351 3787 1413 3825 usus
1430 3787 1465 3824 ex
1483 3771 1553 3826 comi·

398 3858 443 3920 010,
462 3857 529 3926 apud
541 3856 689 3909 Ciceronem
698 3855 858 3919 rarissimus;
876 3872 935 3908 nam
945 3857 1010 3910 Phil.
1020 3857 1052 3921 ll,
1061 3857 1103 3920 37,
1113 3858 1145 3910 96
1155 3858 1286 3925 propriam
1305 3872 1376 3908 suam
1395 3859 1447 3910 uim
1465 3859 1552 3912 retinet

398 3941 491 3994 sibiet
509 3942 577 3994 Lael.
596 3941 621 4004 3,
642 3941 670 3992 ll
691 3939 796 3992 alterius
815 3940 895 3994 dativi
913 3957 999 4005 causa,
1018 3941 1061 4010 qui
1079 3942 1229 4009 opponitur,
1251 3941 1378 3994 adiectum
1397 3946 1446 3996 est.
1466 3970 1505 3987 -.
1518 3958 1553 3995 co·

398 4027 473 4078 nritin
491 4025 593 4077 lactabit
610 4040 676 4090 quae
693 4025 767 4076 nolet.
803 4024 847 4077 Sic
865 4026 943 4079 scribi
961 4029 1075 4094 oportet3
1094 4041 1151 4077 nam
1170 4029 1327 4094 quantopere
1346 4028 1451 4080 comitia
1469 4028 1551 4082 electis

399 4111 475 4164 XVII
494 4111 610 4164 tribubus
629 4100 686 4178 ipsa
709 4115 839 4165 mutentur
862 4116 938 4180 atque
956 4113 1007 4165 alia
1027 4112 1091 4164 fiant
1114 4116 1236 4181 apparet..
1265 4112 1331 4164 Olim
1349 4113 1477 4168 edebatur
1496 4129 1552 4185 quot

398 4199 468 4250 colet
479 4205 556 4264 atque
567 4198 595 4249 in
606 4198 640 4249 iis
655 4215 681 4250 se
695 4199 778 4266 ipsum
795 4198 962 4262 renuntiabit,
979 4199 1046 4268 quod
1061 4203 1160 4268 pugnat
1174 4215 1231 4252 cum
1241 4199 1369 4252 Cicerone.
1396 4200 1505 4255 Dixerat
1515 4198 1552 4252 1110

398 4282 509 4350 quidem,
527 4298 591 4350 quos
603 4284 688 4348 uellet,
697 4285 800 4338 Rullum
819 4286 1031 4349 renuntiaturum,
1050 4285 1095 4338 sed
1113 4285 1198 4353 ipsum
1216 4285 1283 4338 hunc
1296 4285 1472 4338 iorerirum
1491 4285 1553 4354 priu-

401 4369 493 4436 cipem.
520 4367 615 4422 Contra
633 4372 673 4424 hie
692 4373 714 4425 si
732 4372 760 4423 in
778 4373 820 4436 iis,
838 4374 882 4440 qui
900 4374 1115 4438 renuntiarentur,
1133 4373 1217 4441 ipsum
1236 4373 1290 4425 fore
1303 4373 1408 4436 diceret,
1426 4371 1554 4440 0000110-

400 4453 491 4520 cipem,
510 4455 555 4506 sed
574 4457 692 4524 aliquem,
711 4457 820 4511 fortasse
837 4462 1004 4526 postremum,
1022 4463 1089 4512 certo
1107 4475 1178 4523 eum,
1196 4459 1283 4527 quiin
1301 4457 1457 4527 reliquorum
1475 4456 1553 4510 multi·

399 4537 487 4590 tudine
505 4543 577 4609 quasi
596 4543 695 4609 lateret,
713 4544 827 4596 futurum
845 4561 903 4597 esse
916 4545 1079 4614 significaret.
1098 4573 1131 4583 -
1150 4546 1220 4596 torna
1235 4544 1337 4611 primus
1355 4543 1473 4596 invidiae
1490 4536 1554 4596 etin

396 4627 605 4696 praescriptione
624 4630 695 4698 lepis.
732 4629 768 4681 Ea
787 4630 864 4684 Rullo
883 4632 920 4683 ait
944 4631 977 4684 ab
995 4631 1100 4698 collegis
1118 4644 1239 4682 concessa
1257 4644 1327 4694 asse,
1345 4645 1411 4698 quae
1429 4633 1476 4683 aut
1492 4627 1554 4683 mele

401 4709 446 4763 aut
464 4713 532 4764 certe
549 4712 636 4766 inania
648 4717 746 4777 essent,
763 4713 1017 4783 primum'inrirliam,
1036 4730 1111 4785 quae,
1128 4715 1245 4783 quamne
1256 4714 1298 4768 lex
1309 4718 1384 4784 grata
1398 4718 1471 4769 esset
1480 4712 1554 4785 prou
