3550 5492
777 617 858 663 xm

242 758 305 816 est:
327 751 535 837 Erlangcnsis,
558 755 615 840 qui
635 761 718 820 totus
740 776 779 819 ex
792 754 1108 850 Erlurtensipoudet,
1131 759 1220 825 cuius
1238 762 1399 828 collatione

243 863 313 929 Car.
334 865 477 931 Halmius
499 866 630 932 eandem
652 867 817 933 editionem
839 867 937 948 auxit,
959 888 1023 933 non
1051 870 1155 937 minus
1176 872 1267 938 facile
1288 895 1399 957 cogno·

243 975 343 1039 scitur
364 997 419 1041 uec
441 985 561 1062 praeter
589 979 667 1045 vitia
693 979 785 1044 solita
805 978 1002 1045 librariorum
1024 981 1188 1067 quicquam
1215 985 1315 1069 habet,
1329 1008 1399 1072 pro·

241 1087 355 1170 prium,
378 1086 622 1175 Salisburgensis
645 1092 743 1175 (nunc
756 1089 956 1156 'Monacensis
983 1091 1048 1156 cod.
1070 1093 1137 1159 Lat.
1162 1096 1280 1180 15134)
1295 1117 1314 1161 a
1329 1097 1398 1162 Car.

241 1198 376 1278 Halmio,
405 1205 437 1264 et
456 1201 681 1267 Ambrosianus
703 1204 801 1288 (Part.
823 1222 892 1286 sup.
916 1202 948 1266 C.
973 1203 1028 1286 96)
1051 1224 1070 1267 a
1091 1205 1212 1270 Baitero
1241 1228 1398 1295 compara·

240 1316 302 1393 tus,
325 1313 384 1376 etsi
405 1313 439 1377 in
462 1316 619 1380 communi
641 1323 725 1381 secta
746 1315 970 1400 quodammodo
999 1315 1168 1398 exceHunt,
1197 1318 1288 1383 utiles
1310 1328 1399 1386 erant

240 1422 289 1507 iiS,
306 1424 367 1508 qui
388 1425 566 1491 Italicorum
588 1427 700 1492 notitia
717 1428 871 1507 carebant,
895 1426 983 1491 nobis
1006 1426 1085 1490 nihil
1107 1428 1180 1492 novi
1202 1429 1397 1514 exhibebant,

240 1520 385 1619 patetque
407 1557 514 1602 eorum
537 1539 658 1605 collatio
679 1539 714 1603 in
729 1538 953 1624 supplementis
975 1537 1119 1603 editionis
1135 1538 1290 1605 Ciceronis
1312 1542 1398 1607 Orolss

238 1644 342 1711 lianae
363 1647 490 1714 alterius
509 1650 583 1734 Hp.
598 1651 674 1713 1441
695 1670 741 1733 sq.
785 1649 872 1714 Alios
893 1654 995 1713 autem
1017 1649 1145 1731 codices,
1167 1672 1229 1714 non
1251 1658 1397 1737 perpetuo

238 1763 295 1850 aut
311 1758 502 1841 negligenter
523 1761 657 1844 collatoS,
680 1741 804 1826 silentio
818 1762 979 1847 praeteriri
996 1762 1197 1847 praestabat·
1212 1761 1291 1826 Cum
1313 1764 1397 1828 enim

238 1869 376 1933 virorum
398 1869 554 1936 doctomm
577 1871 692 1936 malam
713 1871 901 1950 industriam
922 1871 1058 1937 multum
1080 1872 1113 1937 in
1136 1872 1185 1936 his
1208 1873 1396 1940 orationibus

238 1988 391 2047 uersatam
414 2005 479 2048 esse
499 1989 661 2066 constaret,
684 1970 762 2069 quae
783 1985 911 2067 ingenio
931 1985 1110 2068 excogitata,
1134 2006 1212 2082 quae
1234 1986 1396 2051 bonafide

238 2093 353 2159 tradita
374 2102 490 2177 esseut,
514 2097 684 2161 discernere
713 2119 775 2162 non
804 2098 925 2162 licebat.
970 2097 1136 2185 Tacuimus
1165 2097 1260 2179 igitur
1287 2098 1324 2160 de
1346 2117 1395 2162 co-

239 2203 305 2268 dice
327 2205 497 2271 Franciano
513 2207 644 2286 Graevii,
668 2209 706 2272 do
720 2207 899 2275 Pithoeanis
920 2208 1103 2275 lectionibus
1125 2210 1164 2273 ab
1180 2208 1248 2273 Car.
1271 2208 1395 2273 Halmio

238 2315 272 2379 in
294 2317 426 2382 editione
448 2319 625 2384 Baiteriana
647 2318 791 2401 adiectis,
814 2341 894 2404 quae
914 2319 1050 2384 incertae
1072 2319 1198 2402 originis
1225 2306 1316 2403 atque
1338 2342 1394 2385 au·

236 2429 387 2493 ctoritatis
409 2420 500 2512 sunt,
514 2431 552 2495 do
574 2431 729 2497 Torrentii
751 2430 883 2516 denique
900 2430 1009 2496 Leviui
1032 2430 1251 2515 discrepantia,
1275 2451 1353 2515 quae
1375 2453 1394 2496 a

236 2541 358 2606 Baitero
380 2564 471 2628 saepe
493 2548 756 2625 commemoratur,
779 2563 857 2628 quae
878 2564 956 2607 num
978 2547 1044 2606 tota
1065 2563 1102 2605 ex
1117 2541 1195 2608 libro
1213 2564 1271 2606 ms.
1293 2542 1392 2626 petita

234 2650 286 2733 sit,
309 2673 493 2744 magnopere
515 2653 630 2718 dubito.

322 2765 426 2849 Atque
455 2766 530 2830 haec
558 2765 682 2851 quidem
705 2767 742 2830 de
770 2766 923 2831 codicibus
944 2786 1004 2830 ms.
1027 2764 1156 2829 dicenda
1178 2772 1274 2829 erant.
1318 2767 1392 2831 Edi-

234 2873 337 2939 tiones
360 2880 464 2939 autem
485 2875 597 2939 harum
618 2876 792 2940 orationum
814 2896 920 2940 omnes
948 2896 1128 2939 enumerare
1149 2881 1179 2938 et
1200 2875 1325 2958 longum
1346 2883 1394 2941 est
1461 2928 1470 2936 .

234 2990 266 3049 et
292 3006 403 3070 parum
432 2987 632 3052 fructuosum.
678 2986 964 3052 Praetermittemus
985 2985 1082 3069 igitur
1110 3006 1231 3067 omnes,
1262 2986 1316 3070 qui
1342 3008 1393 3053 eas
1491 3011 1497 3024 ·

235 3098 440 3162 communiter
461 3120 532 3163 cnm
560 3099 688 3183 reliquis
711 3099 864 3164 Ciceronis
892 3097 981 3162 libris
1003 3096 1181 3180 ediderunt,
1209 3117 1341 3182 quorum
1361 3104 1394 3164 θῖ

238 3208 317 3273 ratio
339 3210 401 3274 fere
423 3216 497 3275 nota
518 3217 567 3276 θεῖ
580 3211 665 3276 etin
687 3211 745 3275 hac
766 3216 853 3297 parte
865 3210 971 3275 minus
992 3208 1174 3293 probabilis3
1194 3228 1286 3274 nemo
1308 3211 1392 3275 enim
1485 3236 1488 3240 ’

236 3325 293 3383 aut
313 3320 490 3387 recensione
513 3327 688 3387 constanter
709 3322 849 3387 facienda
863 3328 918 3386 aut
933 3321 1135 3405 explicatione
1150 3322 1290 3386 eminuit.
1323 3323 1393 3408 Ipse

235 3431 330 3495 etiam
353 3431 538 3498 Garatonius
559 3455 711 3520 perpauca
732 3455 828 3519 eaque
849 3435 912 3498 fero
934 3455 1011 3519 quae
1033 3454 1098 3498 rem
1124 3433 1262 3498 criticam
1283 3433 1391 3500 leviter

234 3543 630 3626 attingerent,-annctavit.
675 3546 909 3612 Continebimur
931 3546 964 3609 in
986 3546 1040 3626 iis,
1063 3543 1117 3627 qui
1144 3543 1292 3628 peculiari
1318 3566 1392 3609 cura

234 3653 290 3718 has
318 3655 469 3721 orationes
503 3657 657 3743 persecuti
683 3664 767 3723 sunt.
814 3658 840 3721 li
866 3659 993 3722 fuerunt
1022 3656 1097 3721 olim
1122 3655 1390 3740 praestantissimi,

234 3771 340 3831 nostra
361 3773 461 3833 aetate
490 3769 579 3834 nulli.
624 3770 726 3854 Atque
753 3769 834 3834 inter
861 3768 931 3834 iHos
960 3766 1081 3832 exceHit
1102 3766 1193 3829 Bern.
1216 3764 1390 3829 Lauredani

236 3880 494 3961 commentarius,
514 3880 654 3945 Venetiis
683 3881 765 3945 1558
794 3881 904 3946 editus.
956 3877 1016 3955 Qui
1041 3877 1106 3943 sive
1134 3881 1181 3941 est
1205 3875 1388 3958 Lauredani,

234 3989 357 4074 patricii
378 3991 499 4072 Veneti,
521 3991 656 4056 hominis
677 3991 716 4056 ab
731 3991 843 4056 litteris
859 3989 996 4073 antiquis
1019 4006 1081 4052 non
1096 3986 1200 4069 alieni,
1223 3988 1277 4052 sed
1293 3987 1389 4054 histo-

234 4101 299 4165 riae
320 4101 422 4187 potius
444 4101 557 4166 studiis
585 4101 696 4184 dediti,
725 4103 805 4184 sivo,
828 4101 862 4165 id
888 4099 971 4184 quod
998 4098 1144 4181 traditur,
1168 4098 1236 4162 Car.
1258 4099 1387 4182 Sigonii,

234 4217 316 4276 certe
337 4234 459 4278 summa
479 4212 571 4278 laude
593 4213 705 4297 dignus
719 4220 777 4278 est.
813 4213 920 4296 Neque
939 4210 1023 4274 enim
1037 4216 1160 4276 tantum
1181 4231 1285 4274 rerum
1306 4211 1388 4276 anti·

234 4343 382 4408 quarum,
414 4344 492 4409 quae
521 4325 556 4388 in
583 4325 632 4389 his
659 4325 848 4390 orationibus
875 4309 1152 4389 commemorantur
1179 4321 1330 4407 plurimae
1352 4344 1387 4387 ac

236 4433 445 4519 difficillimae,
467 4440 641 4501 accuratam
654 4435 939 4521 interpretationem
949 4435 1141 4521 sequebatur,
1164 4433 1387 4507 verumetiam

233 4547 335 4627 verba
348 4532 426 4633 ipsa,
449 4548 591 4633 quamvis
610 4545 690 4611 nulli
705 4546 777 4613 boni
791 4547 910 4628 codices
925 4548 1077 4630 adessent,
1091 4545 1269 4610 felicissime
1282 4537 1387 4609 em'en-

234 4656 321 4723 davit
342 4658 574 4747 desperatosque
592 4681 688 4746 prope
715 4660 795 4726 locos
817 4661 897 4725 mira
917 4660 1081 4744 sagacitate
1103 4657 1246 4723 rest‘turt.
1280 4658 1385 4740 Itaque
